timestamp,symbol,base,market_venue,id,price,volume,side
2024-01-01T11:30:00.956Z,BTC,USDT,OKX,466116712,42680.0,0.1870104,sell
2024-01-01T11:30:00.956Z,BTC,USDT,OKX,466116711,42680.0,0.06357775,sell
2024-01-01T11:30:00.956Z,BTC,USDT,OKX,466116710,42680.0,0.1,sell
2024-01-01T11:30:00.974Z,BTC,USDT,OKX,466116713,42677.6,0.00474296,sell
2024-01-01T11:30:02.017Z,BTC,USDT,OKX,466116714,42674.9,0.0052452,buy
2024-01-01T11:30:04.107Z,BTC,USDT,OKX,466116715,42674.9,0.00523813,buy
2024-01-01T11:30:04.947Z,BTC,USDT,OKX,466116716,42674.9,0.01451667,buy
2024-01-01T11:30:04.947Z,BTC,USDT,OKX,466116718,42674.9,0.01495024,buy
2024-01-01T11:30:04.947Z,BTC,USDT,OKX,466116717,42674.9,9.008e-05,buy
2024-01-01T11:30:06.024Z,BTC,USDT,OKX,466116719,42679.5,0.008,buy
2024-01-01T11:30:06.024Z,BTC,USDT,OKX,466116720,42679.5,0.02236723,buy
2024-01-01T11:30:08.028Z,BTC,USDT,OKX,466116721,42679.5,0.02884283,buy
2024-01-01T11:30:08.565Z,BTC,USDT,OKX,466116722,42679.4,0.00264271,sell
2024-01-01T11:30:13.433Z,BTC,USDT,OKX,466116723,42679.4,0.0553,sell
2024-01-01T11:30:14.409Z,BTC,USDT,OKX,466116724,42679.5,0.00472461,buy
2024-01-01T11:30:16.413Z,BTC,USDT,OKX,466116725,42679.5,0.00739938,buy
2024-01-01T11:30:18.162Z,BTC,USDT,OKX,466116726,42679.5,0.00603449,buy
2024-01-01T11:30:18.389Z,BTC,USDT,OKX,466116727,42679.5,0.00719561,buy
2024-01-01T11:30:19.037Z,BTC,USDT,OKX,466116728,42679.5,0.04960588,buy
2024-01-01T11:30:19.290Z,BTC,USDT,OKX,466116729,42679.4,0.00037,sell
2024-01-01T11:30:19.312Z,BTC,USDT,OKX,466116730,42679.5,0.0519,buy
2024-01-01T11:30:19.314Z,BTC,USDT,OKX,466116731,42679.5,7.376e-05,buy
2024-01-01T11:30:19.317Z,BTC,USDT,OKX,466116732,42681.1,0.13691604,buy
2024-01-01T11:30:20.430Z,BTC,USDT,OKX,466116733,42684.1,0.00798747,buy
2024-01-01T11:30:20.586Z,BTC,USDT,OKX,466116735,42684.1,0.00046294,buy
2024-01-01T11:30:20.586Z,BTC,USDT,OKX,466116734,42684.1,1.253e-05,buy
2024-01-01T11:30:21.989Z,BTC,USDT,OKX,466116736,42684.0,0.0143418,sell
2024-01-01T11:30:30.819Z,BTC,USDT,OKX,466116739,42684.0,0.06663515,sell
2024-01-01T11:30:30.819Z,BTC,USDT,OKX,466116738,42684.0,0.06359041,sell
2024-01-01T11:30:30.819Z,BTC,USDT,OKX,466116737,42684.0,0.00036473,sell
2024-01-01T11:30:32.974Z,BTC,USDT,OKX,466116740,42679.4,0.0002,sell
2024-01-01T11:30:36.035Z,BTC,USDT,OKX,466116741,42681.1,0.00178795,buy
2024-01-01T11:30:40.315Z,BTC,USDT,OKX,466116742,42681.0,0.025,sell
2024-01-01T11:30:40.315Z,BTC,USDT,OKX,466116746,42680.9,0.00208524,sell
2024-01-01T11:30:40.315Z,BTC,USDT,OKX,466116745,42681.0,0.09184462,sell
2024-01-01T11:30:40.315Z,BTC,USDT,OKX,466116744,42681.0,0.00320985,sell
2024-01-01T11:30:40.315Z,BTC,USDT,OKX,466116743,42681.0,0.06359041,sell
2024-01-01T11:30:40.316Z,BTC,USDT,OKX,466116758,42679.8,0.0025539,sell
2024-01-01T11:30:40.316Z,BTC,USDT,OKX,466116755,42680.1,0.00351451,sell
2024-01-01T11:30:40.316Z,BTC,USDT,OKX,466116750,42680.5,0.00152294,sell
2024-01-01T11:30:40.316Z,BTC,USDT,OKX,466116753,42680.3,0.00360821,sell
2024-01-01T11:30:40.316Z,BTC,USDT,OKX,466116751,42680.4,0.00168695,sell
2024-01-01T11:30:40.316Z,BTC,USDT,OKX,466116749,42680.6,0.00194467,sell
2024-01-01T11:30:40.316Z,BTC,USDT,OKX,466116752,42680.4,0.07198967,sell
2024-01-01T11:30:40.316Z,BTC,USDT,OKX,466116747,42680.8,0.00234297,sell
2024-01-01T11:30:40.316Z,BTC,USDT,OKX,466116756,42680.0,0.00199156,sell
2024-01-01T11:30:40.316Z,BTC,USDT,OKX,466116748,42680.7,0.0026007,sell
2024-01-01T11:30:40.316Z,BTC,USDT,OKX,466116754,42680.2,0.0035145,sell
2024-01-01T11:30:40.316Z,BTC,USDT,OKX,466116757,42679.9,0.00360825,sell
2024-01-01T11:30:40.318Z,BTC,USDT,OKX,466116760,42679.4,0.02950315,sell
2024-01-01T11:30:40.318Z,BTC,USDT,OKX,466116759,42679.4,0.02636735,sell
2024-01-01T11:30:40.825Z,BTC,USDT,OKX,466116761,42676.5,0.01660831,buy
2024-01-01T11:30:43.926Z,BTC,USDT,OKX,466116762,42676.5,0.01047545,buy
2024-01-01T11:30:45.250Z,BTC,USDT,OKX,466116763,42676.4,0.00966927,sell
2024-01-01T11:30:45.604Z,BTC,USDT,OKX,466116764,42676.5,0.00046857,buy
2024-01-01T11:30:48.246Z,BTC,USDT,OKX,466116765,42676.4,0.00437553,sell
2024-01-01T11:30:49.215Z,BTC,USDT,OKX,466116766,42676.4,0.00706458,sell
2024-01-01T11:30:50.245Z,BTC,USDT,OKX,466116767,42676.5,0.01574228,buy
2024-01-01T11:30:50.905Z,BTC,USDT,OKX,466116768,42676.5,0.00024316,buy
2024-01-01T11:31:00.890Z,BTC,USDT,OKX,466116769,42676.4,0.01924094,sell
2024-01-01T11:31:01.681Z,BTC,USDT,OKX,466116770,42676.4,0.00192395,sell
2024-01-01T11:31:02.733Z,BTC,USDT,OKX,466116771,42676.5,0.0032,buy
2024-01-01T11:31:02.892Z,BTC,USDT,OKX,466116772,42676.4,0.00213733,sell
2024-01-01T11:31:02.967Z,BTC,USDT,OKX,466116773,42676.5,0.00254172,buy
2024-01-01T11:31:04.347Z,BTC,USDT,OKX,466116775,42676.4,0.00234311,sell
2024-01-01T11:31:04.347Z,BTC,USDT,OKX,466116776,42676.4,0.03101689,sell
2024-01-01T11:31:04.347Z,BTC,USDT,OKX,466116774,42676.4,0.01917642,sell
2024-01-01T11:31:05.769Z,BTC,USDT,OKX,466116778,42676.4,0.00468643,sell
2024-01-01T11:31:05.769Z,BTC,USDT,OKX,466116781,42676.4,0.08499295,sell
2024-01-01T11:31:05.769Z,BTC,USDT,OKX,466116777,42676.4,0.01393529,sell
2024-01-01T11:31:05.769Z,BTC,USDT,OKX,466116779,42676.4,0.06359488,sell
2024-01-01T11:31:05.769Z,BTC,USDT,OKX,466116780,42676.4,0.00234319,sell
2024-01-01T11:31:05.784Z,BTC,USDT,OKX,466116782,42673.7,0.00190021,sell
2024-01-01T11:31:06.375Z,BTC,USDT,OKX,466116784,42672.3,0.1338981,sell
2024-01-01T11:31:06.375Z,BTC,USDT,OKX,466116783,42672.3,0.06359488,sell
2024-01-01T11:31:06.377Z,BTC,USDT,OKX,466116786,42672.2,0.00059325,sell
2024-01-01T11:31:06.377Z,BTC,USDT,OKX,466116788,42672.2,0.02134954,sell
2024-01-01T11:31:06.377Z,BTC,USDT,OKX,466116785,42672.2,0.00072207,sell
2024-01-01T11:31:06.377Z,BTC,USDT,OKX,466116791,42671.8,0.008,sell
2024-01-01T11:31:06.377Z,BTC,USDT,OKX,466116790,42672.2,0.0302864,sell
2024-01-01T11:31:06.377Z,BTC,USDT,OKX,466116787,42672.2,0.00102893,sell
2024-01-01T11:31:06.377Z,BTC,USDT,OKX,466116789,42672.2,0.00643092,sell
2024-01-01T11:31:06.515Z,BTC,USDT,OKX,466116792,42667.1,0.0020156,sell
2024-01-01T11:31:07.868Z,BTC,USDT,OKX,466116793,42666.6,0.02317298,sell
2024-01-01T11:31:08.075Z,BTC,USDT,OKX,466116794,42666.7,0.00365274,buy
2024-01-01T11:31:08.129Z,BTC,USDT,OKX,466116795,42666.7,0.00714452,buy
2024-01-01T11:31:08.336Z,BTC,USDT,OKX,466116797,42666.6,0.00989852,sell
2024-01-01T11:31:08.336Z,BTC,USDT,OKX,466116796,42666.6,0.00308956,sell
2024-01-01T11:31:10.074Z,BTC,USDT,OKX,466116798,42666.7,0.00474609,buy
2024-01-01T11:31:13.024Z,BTC,USDT,OKX,466116799,42666.6,0.01137042,sell
2024-01-01T11:31:14.515Z,BTC,USDT,OKX,466116800,42666.6,0.0052998,sell
2024-01-01T11:31:15.143Z,BTC,USDT,OKX,466116802,42666.7,0.01006198,buy
2024-01-01T11:31:15.143Z,BTC,USDT,OKX,466116801,42666.7,0.00075519,buy
2024-01-01T11:31:15.780Z,BTC,USDT,OKX,466116803,42666.6,0.00468677,sell
2024-01-01T11:31:17.372Z,BTC,USDT,OKX,466116804,42666.7,0.00933988,buy
2024-01-01T11:31:20.368Z,BTC,USDT,OKX,466116806,42666.6,0.00500025,sell
2024-01-01T11:31:20.368Z,BTC,USDT,OKX,466116807,42666.6,0.06302754,sell
2024-01-01T11:31:20.368Z,BTC,USDT,OKX,466116805,42666.6,0.03543504,sell
2024-01-01T11:31:21.399Z,BTC,USDT,OKX,466116808,42666.7,0.02068491,buy
2024-01-01T11:31:21.710Z,BTC,USDT,OKX,466116809,42666.7,0.01640623,buy
2024-01-01T11:31:24.048Z,BTC,USDT,OKX,466116810,42666.6,0.0003368,sell
2024-01-01T11:31:30.705Z,BTC,USDT,OKX,466116811,42666.6,0.00246094,sell
2024-01-01T11:31:30.705Z,BTC,USDT,OKX,466116812,42666.6,0.01049491,sell
2024-01-01T11:31:30.879Z,BTC,USDT,OKX,466116813,42666.6,0.0094995,sell
2024-01-01T11:31:31.559Z,BTC,USDT,OKX,466116814,42666.6,0.00615167,sell
2024-01-01T11:31:33.893Z,BTC,USDT,OKX,466116815,42666.6,0.0023566,sell
2024-01-01T11:31:34.126Z,BTC,USDT,OKX,466116816,42666.7,0.01230748,buy
2024-01-01T11:31:37.832Z,BTC,USDT,OKX,466116818,42666.6,0.04339659,sell
2024-01-01T11:31:37.832Z,BTC,USDT,OKX,466116817,42666.6,0.03756775,sell
2024-01-01T11:31:44.991Z,BTC,USDT,OKX,466116819,42666.6,0.00022,sell
2024-01-01T11:31:44.991Z,BTC,USDT,OKX,466116820,42666.6,0.00095,sell
2024-01-01T11:31:46.928Z,BTC,USDT,OKX,466116821,42666.6,0.00045914,sell
2024-01-01T11:31:49.780Z,BTC,USDT,OKX,466116822,42666.6,0.00818718,sell
2024-01-01T11:31:54.034Z,BTC,USDT,OKX,466116823,42666.7,0.0729628,buy
2024-01-01T11:31:54.297Z,BTC,USDT,OKX,466116824,42666.6,0.01397481,sell
2024-01-01T11:31:58.327Z,BTC,USDT,OKX,466116825,42666.7,0.00565499,buy
2024-01-01T11:32:00.673Z,BTC,USDT,OKX,466116826,42666.6,0.00140625,sell
2024-01-01T11:32:01.844Z,BTC,USDT,OKX,466116827,42666.7,0.00094431,buy
2024-01-01T11:32:02.094Z,BTC,USDT,OKX,466116828,42666.6,0.00068249,sell
2024-01-01T11:32:03.248Z,BTC,USDT,OKX,466116829,42666.7,0.02437498,buy
2024-01-01T11:32:07.214Z,BTC,USDT,OKX,466116830,42666.7,0.01369299,buy
2024-01-01T11:32:07.619Z,BTC,USDT,OKX,466116831,42666.6,0.00012891,sell
2024-01-01T11:32:12.329Z,BTC,USDT,OKX,466116832,42666.7,0.00877414,buy
2024-01-01T11:32:14.246Z,BTC,USDT,OKX,466116833,42666.7,0.00114338,buy
2024-01-01T11:32:16.336Z,BTC,USDT,OKX,466116834,42666.7,0.01360331,buy
2024-01-01T11:32:17.059Z,BTC,USDT,OKX,466116835,42666.6,0.001,sell
2024-01-01T11:32:17.215Z,BTC,USDT,OKX,466116836,42666.6,0.002,sell
2024-01-01T11:32:18.569Z,BTC,USDT,OKX,466116837,42666.6,0.0067,sell
2024-01-01T11:32:18.714Z,BTC,USDT,OKX,466116838,42666.6,0.0139,sell
2024-01-01T11:32:18.928Z,BTC,USDT,OKX,466116840,42666.6,0.08756811,sell
2024-01-01T11:32:18.928Z,BTC,USDT,OKX,466116839,42666.6,0.03098112,sell
2024-01-01T11:32:18.973Z,BTC,USDT,OKX,466116841,42666.7,0.01755167,buy
2024-01-01T11:32:21.535Z,BTC,USDT,OKX,466116842,42666.7,9.37e-06,buy
2024-01-01T11:32:24.599Z,BTC,USDT,OKX,466116850,42666.5,0.0031875,sell
2024-01-01T11:32:24.599Z,BTC,USDT,OKX,466116845,42666.6,0.00132969,sell
2024-01-01T11:32:24.599Z,BTC,USDT,OKX,466116847,42666.6,0.0119555,sell
2024-01-01T11:32:24.599Z,BTC,USDT,OKX,466116849,42666.6,0.03474157,sell
2024-01-01T11:32:24.599Z,BTC,USDT,OKX,466116846,42666.6,0.00234375,sell
2024-01-01T11:32:24.599Z,BTC,USDT,OKX,466116844,42666.6,0.00470798,sell
2024-01-01T11:32:24.599Z,BTC,USDT,OKX,466116848,42666.6,0.00075489,sell
2024-01-01T11:32:24.599Z,BTC,USDT,OKX,466116843,42666.6,0.01129887,sell
2024-01-01T11:32:24.602Z,BTC,USDT,OKX,466116857,42665.8,0.00316412,sell
2024-01-01T11:32:24.602Z,BTC,USDT,OKX,466116852,42666.3,0.00175782,sell
2024-01-01T11:32:24.602Z,BTC,USDT,OKX,466116854,42666.1,0.00187502,sell
2024-01-01T11:32:24.602Z,BTC,USDT,OKX,466116858,42665.7,0.00356257,sell
2024-01-01T11:32:24.602Z,BTC,USDT,OKX,466116856,42665.9,0.00307036,sell
2024-01-01T11:32:24.602Z,BTC,USDT,OKX,466116855,42666.0,0.00185159,sell
2024-01-01T11:32:24.602Z,BTC,USDT,OKX,466116853,42666.2,0.00307034,sell
2024-01-01T11:32:24.602Z,BTC,USDT,OKX,466116851,42666.4,0.00321095,sell
2024-01-01T11:32:24.604Z,BTC,USDT,OKX,466116860,42665.5,0.00194536,sell
2024-01-01T11:32:24.604Z,BTC,USDT,OKX,466116859,42665.6,0.00304694,sell
2024-01-01T11:32:24.624Z,BTC,USDT,OKX,466116861,42665.4,0.00295321,sell
2024-01-01T11:32:24.720Z,BTC,USDT,OKX,466116862,42664.5,0.00745529,sell
2024-01-01T11:32:25.106Z,BTC,USDT,OKX,466116865,42662.4,0.07343168,sell
2024-01-01T11:32:25.106Z,BTC,USDT,OKX,466116868,42662.0,0.024,sell
2024-01-01T11:32:25.106Z,BTC,USDT,OKX,466116864,42662.4,0.0026672,sell
2024-01-01T11:32:25.106Z,BTC,USDT,OKX,466116863,42662.4,0.00715499,sell
2024-01-01T11:32:25.106Z,BTC,USDT,OKX,466116866,42662.0,0.008,sell
2024-01-01T11:32:25.106Z,BTC,USDT,OKX,466116867,42662.0,0.008,sell
2024-01-01T11:32:27.197Z,BTC,USDT,OKX,466116869,42660.8,0.06360949,sell
2024-01-01T11:32:27.199Z,BTC,USDT,OKX,466116870,42660.0,1.683e-05,sell
2024-01-01T11:32:28.866Z,BTC,USDT,OKX,466116871,42656.4,0.00234375,buy
2024-01-01T11:32:29.755Z,BTC,USDT,OKX,466116872,42656.4,0.00037686,buy
2024-01-01T11:32:30.723Z,BTC,USDT,OKX,466116873,42656.3,0.00052982,sell
2024-01-01T11:32:30.757Z,BTC,USDT,OKX,466116874,42656.3,0.0003416,sell
2024-01-01T11:32:32.373Z,BTC,USDT,OKX,466116875,42656.4,0.00703294,buy
2024-01-01T11:32:34.618Z,BTC,USDT,OKX,466116876,42656.3,0.00132775,sell
2024-01-01T11:32:36.307Z,BTC,USDT,OKX,466116877,42656.3,0.001172,sell
2024-01-01T11:32:37.335Z,BTC,USDT,OKX,466116878,42656.4,0.01221769,buy
2024-01-01T11:32:38.839Z,BTC,USDT,OKX,466116879,42656.4,0.01,buy
2024-01-01T11:32:39.449Z,BTC,USDT,OKX,466116880,42656.4,0.01129008,buy
2024-01-01T11:32:41.897Z,BTC,USDT,OKX,466116881,42656.4,0.005,buy
2024-01-01T11:32:42.026Z,BTC,USDT,OKX,466116882,42656.4,0.01743,buy
2024-01-01T11:32:42.674Z,BTC,USDT,OKX,466116883,42656.3,4.121e-05,sell
2024-01-01T11:32:43.902Z,BTC,USDT,OKX,466116884,42656.4,0.0903,buy
2024-01-01T11:32:44.855Z,BTC,USDT,OKX,466116885,42656.4,0.0017652,buy
2024-01-01T11:32:46.150Z,BTC,USDT,OKX,466116886,42656.4,0.00621983,buy
2024-01-01T11:32:46.170Z,BTC,USDT,OKX,466116887,42656.4,0.00069,buy
2024-01-01T11:32:47.592Z,BTC,USDT,OKX,466116896,42653.6,0.02747752,sell
2024-01-01T11:32:47.592Z,BTC,USDT,OKX,466116899,42652.5,0.4682803,sell
2024-01-01T11:32:47.592Z,BTC,USDT,OKX,466116891,42656.3,0.00465794,sell
2024-01-01T11:32:47.592Z,BTC,USDT,OKX,466116902,42652.0,0.226,sell
2024-01-01T11:32:47.592Z,BTC,USDT,OKX,466116892,42656.3,0.04556,sell
2024-01-01T11:32:47.592Z,BTC,USDT,OKX,466116897,42653.3,0.0077627,sell
2024-01-01T11:32:47.592Z,BTC,USDT,OKX,466116901,42652.1,0.0054415,sell
2024-01-01T11:32:47.592Z,BTC,USDT,OKX,466116895,42653.7,0.04897841,sell
2024-01-01T11:32:47.592Z,BTC,USDT,OKX,466116889,42656.3,0.07032959,sell
2024-01-01T11:32:47.592Z,BTC,USDT,OKX,466116898,42652.5,2.03e-05,sell
2024-01-01T11:32:47.592Z,BTC,USDT,OKX,466116893,42656.3,0.73203,sell
2024-01-01T11:32:47.592Z,BTC,USDT,OKX,466116890,42656.3,0.19451604,sell
2024-01-01T11:32:47.592Z,BTC,USDT,OKX,466116888,42656.3,0.35334159,sell
2024-01-01T11:32:47.592Z,BTC,USDT,OKX,466116894,42654.0,0.226,sell
2024-01-01T11:32:47.592Z,BTC,USDT,OKX,466116900,42652.1,0.00085773,sell
2024-01-01T11:32:47.595Z,BTC,USDT,OKX,466116903,42651.3,0.01134422,sell
2024-01-01T11:32:47.595Z,BTC,USDT,OKX,466116905,42650.8,0.07392062,sell
2024-01-01T11:32:47.595Z,BTC,USDT,OKX,466116906,42650.3,0.00017671,sell
2024-01-01T11:32:47.595Z,BTC,USDT,OKX,466116910,42649.8,0.0009927,sell
2024-01-01T11:32:47.595Z,BTC,USDT,OKX,466116907,42650.3,0.00021734,sell
2024-01-01T11:32:47.595Z,BTC,USDT,OKX,466116909,42650.0,1.59389286,sell
2024-01-01T11:32:47.595Z,BTC,USDT,OKX,466116904,42651.0,0.45,sell
2024-01-01T11:32:47.595Z,BTC,USDT,OKX,466116908,42650.0,0.00011723,sell
2024-01-01T11:32:47.596Z,BTC,USDT,OKX,466116928,42644.2,0.11004209,sell
2024-01-01T11:32:47.596Z,BTC,USDT,OKX,466116927,42645.0,0.00801928,sell
2024-01-01T11:32:47.596Z,BTC,USDT,OKX,466116917,42648.5,0.00849394,sell
2024-01-01T11:32:47.596Z,BTC,USDT,OKX,466116919,42647.4,0.17521747,sell
2024-01-01T11:32:47.596Z,BTC,USDT,OKX,466116925,42645.4,0.00042725,sell
2024-01-01T11:32:47.596Z,BTC,USDT,OKX,466116911,42649.6,0.00825113,sell
2024-01-01T11:32:47.596Z,BTC,USDT,OKX,466116918,42647.8,0.0971246,sell
2024-01-01T11:32:47.596Z,BTC,USDT,OKX,466116916,42648.6,0.00123268,sell
2024-01-01T11:32:47.596Z,BTC,USDT,OKX,466116922,42646.3,0.1,sell
2024-01-01T11:32:47.596Z,BTC,USDT,OKX,466116920,42646.5,0.16,sell
2024-01-01T11:32:47.596Z,BTC,USDT,OKX,466116914,42649.1,0.90133045,sell
2024-01-01T11:32:47.596Z,BTC,USDT,OKX,466116924,42645.5,0.03443055,sell
2024-01-01T11:32:47.596Z,BTC,USDT,OKX,466116913,42649.1,0.52674383,sell
2024-01-01T11:32:47.596Z,BTC,USDT,OKX,466116915,42648.7,0.08,sell
2024-01-01T11:32:47.596Z,BTC,USDT,OKX,466116921,42646.4,0.0001177,sell
2024-01-01T11:32:47.596Z,BTC,USDT,OKX,466116926,42645.3,0.00708083,sell
2024-01-01T11:32:47.596Z,BTC,USDT,OKX,466116912,42649.1,0.04,sell
2024-01-01T11:32:47.596Z,BTC,USDT,OKX,466116923,42646.1,0.0234488,sell
2024-01-01T11:32:47.597Z,BTC,USDT,OKX,466116931,42644.0,0.45,sell
2024-01-01T11:32:47.597Z,BTC,USDT,OKX,466116948,42639.7,0.05824516,sell
2024-01-01T11:32:47.597Z,BTC,USDT,OKX,466116941,42640.9,0.04686365,sell
2024-01-01T11:32:47.597Z,BTC,USDT,OKX,466116938,42641.5,0.00046086,sell
2024-01-01T11:32:47.597Z,BTC,USDT,OKX,466116940,42641.4,1.173e-05,sell
2024-01-01T11:32:47.597Z,BTC,USDT,OKX,466116935,42641.7,0.01929352,sell
2024-01-01T11:32:47.597Z,BTC,USDT,OKX,466116945,42640.0,1.919e-05,sell
2024-01-01T11:32:47.597Z,BTC,USDT,OKX,466116943,42640.2,0.0536726,sell
2024-01-01T11:32:47.597Z,BTC,USDT,OKX,466116944,42640.0,1.683e-05,sell
2024-01-01T11:32:47.597Z,BTC,USDT,OKX,466116939,42641.5,0.00081641,sell
2024-01-01T11:32:47.597Z,BTC,USDT,OKX,466116942,42640.3,0.00112469,sell
2024-01-01T11:32:47.597Z,BTC,USDT,OKX,466116947,42639.9,4.767e-05,sell
2024-01-01T11:32:47.597Z,BTC,USDT,OKX,466116936,42641.7,0.06062382,sell
2024-01-01T11:32:47.597Z,BTC,USDT,OKX,466116932,42644.0,0.47343751,sell
2024-01-01T11:32:47.597Z,BTC,USDT,OKX,466116929,42644.2,0.0072239,sell
2024-01-01T11:32:47.597Z,BTC,USDT,OKX,466116930,42644.1,0.0234407,sell
2024-01-01T11:32:47.597Z,BTC,USDT,OKX,466116946,42640.0,4.623e-05,sell
2024-01-01T11:32:47.597Z,BTC,USDT,OKX,466116933,42643.5,9.629e-05,sell
2024-01-01T11:32:47.597Z,BTC,USDT,OKX,466116934,42642.3,0.38244491,sell
2024-01-01T11:32:47.597Z,BTC,USDT,OKX,466116937,42641.6,0.1292,sell
2024-01-01T11:32:47.598Z,BTC,USDT,OKX,466116956,42639.3,0.00323195,sell
2024-01-01T11:32:47.598Z,BTC,USDT,OKX,466116952,42639.4,0.00827765,sell
2024-01-01T11:32:47.598Z,BTC,USDT,OKX,466116954,42639.3,0.00764205,sell
2024-01-01T11:32:47.598Z,BTC,USDT,OKX,466116960,42639.3,0.08089118,sell
2024-01-01T11:32:47.598Z,BTC,USDT,OKX,466116953,42639.3,0.02808655,sell
2024-01-01T11:32:47.598Z,BTC,USDT,OKX,466116957,42639.3,0.00745642,sell
2024-01-01T11:32:47.598Z,BTC,USDT,OKX,466116949,42639.7,0.04175484,sell
2024-01-01T11:32:47.598Z,BTC,USDT,OKX,466116955,42639.3,0.03965275,sell
2024-01-01T11:32:47.598Z,BTC,USDT,OKX,466116962,42639.2,0.44550947,sell
2024-01-01T11:32:47.598Z,BTC,USDT,OKX,466116961,42639.2,0.31539147,sell
2024-01-01T11:32:47.598Z,BTC,USDT,OKX,466116950,42639.7,0.07688984,sell
2024-01-01T11:32:47.598Z,BTC,USDT,OKX,466116959,42639.3,0.00113777,sell
2024-01-01T11:32:47.598Z,BTC,USDT,OKX,466116951,42639.6,0.03517976,sell
2024-01-01T11:32:47.598Z,BTC,USDT,OKX,466116958,42639.3,0.00801802,sell
2024-01-01T11:32:47.600Z,BTC,USDT,OKX,466116963,42639.1,0.00827818,sell
2024-01-01T11:32:47.600Z,BTC,USDT,OKX,466116968,42639.1,0.03992114,sell
2024-01-01T11:32:47.600Z,BTC,USDT,OKX,466116969,42639.0,0.00703581,sell
2024-01-01T11:32:47.600Z,BTC,USDT,OKX,466116966,42639.1,0.00745572,sell
2024-01-01T11:32:47.600Z,BTC,USDT,OKX,466116964,42639.1,0.00113777,sell
2024-01-01T11:32:47.600Z,BTC,USDT,OKX,466116970,42638.8,0.0056,sell
2024-01-01T11:32:47.600Z,BTC,USDT,OKX,466116965,42639.1,0.00715531,sell
2024-01-01T11:32:47.600Z,BTC,USDT,OKX,466116967,42639.1,0.00764193,sell
2024-01-01T11:32:47.603Z,BTC,USDT,OKX,466116971,42642.3,0.00484718,buy
2024-01-01T11:32:47.605Z,BTC,USDT,OKX,466116974,42638.1,0.26797969,sell
2024-01-01T11:32:47.605Z,BTC,USDT,OKX,466116972,42638.5,0.00602031,sell
2024-01-01T11:32:47.605Z,BTC,USDT,OKX,466116973,42638.1,0.24638452,sell
2024-01-01T11:32:47.606Z,BTC,USDT,OKX,466116975,42638.0,0.1484,sell
2024-01-01T11:32:47.609Z,BTC,USDT,OKX,466116976,42638.0,0.00242816,sell
2024-01-01T11:32:47.617Z,BTC,USDT,OKX,466116978,42637.6,0.03425396,sell
2024-01-01T11:32:47.617Z,BTC,USDT,OKX,466116979,42637.6,0.0643086,sell
2024-01-01T11:32:47.617Z,BTC,USDT,OKX,466116977,42638.0,0.29917184,sell
2024-01-01T11:32:47.634Z,BTC,USDT,OKX,466116980,42637.4,0.01929376,sell
2024-01-01T11:32:47.635Z,BTC,USDT,OKX,466116982,42636.8,0.02344317,sell
2024-01-01T11:32:47.635Z,BTC,USDT,OKX,466116987,42636.1,0.45058089,sell
2024-01-01T11:32:47.635Z,BTC,USDT,OKX,466116983,42636.4,0.00029282,sell
2024-01-01T11:32:47.635Z,BTC,USDT,OKX,466116986,42636.1,0.22526542,sell
2024-01-01T11:32:47.635Z,BTC,USDT,OKX,466116985,42636.3,0.00057705,sell
2024-01-01T11:32:47.635Z,BTC,USDT,OKX,466116984,42636.3,7.427e-05,sell
2024-01-01T11:32:47.635Z,BTC,USDT,OKX,466116981,42637.5,0.01172456,buy
2024-01-01T11:32:47.639Z,BTC,USDT,OKX,466116988,42636.3,0.0007,sell
2024-01-01T11:32:47.649Z,BTC,USDT,OKX,466116993,42633.8,0.01164936,sell
2024-01-01T11:32:47.649Z,BTC,USDT,OKX,466116990,42635.7,1.397e-05,sell
2024-01-01T11:32:47.649Z,BTC,USDT,OKX,466116989,42636.3,0.02275128,sell
2024-01-01T11:32:47.649Z,BTC,USDT,OKX,466116991,42635.7,4.63e-05,sell
2024-01-01T11:32:47.649Z,BTC,USDT,OKX,466116992,42634.8,2.601e-05,sell
2024-01-01T11:32:47.668Z,BTC,USDT,OKX,466116994,42633.6,0.00179865,buy
2024-01-01T11:32:48.020Z,BTC,USDT,OKX,466116995,42633.5,0.1171,sell
2024-01-01T11:32:48.078Z,BTC,USDT,OKX,466116996,42633.6,0.00541999,buy
2024-01-01T11:32:48.171Z,BTC,USDT,OKX,466116997,42633.6,0.00259398,buy
2024-01-01T11:32:48.740Z,BTC,USDT,OKX,466116998,42633.6,0.01518738,buy
2024-01-01T11:32:48.740Z,BTC,USDT,OKX,466117000,42633.6,0.01743,buy
2024-01-01T11:32:48.740Z,BTC,USDT,OKX,466116999,42633.6,0.00179865,buy
2024-01-01T11:32:49.054Z,BTC,USDT,OKX,466117001,42633.5,0.00842941,sell
2024-01-01T11:32:49.654Z,BTC,USDT,OKX,466117002,42633.6,0.11985394,buy
2024-01-01T11:32:49.852Z,BTC,USDT,OKX,466117003,42633.5,0.00231214,sell
2024-01-01T11:32:50.357Z,BTC,USDT,OKX,466117004,42633.6,0.0201,buy
2024-01-01T11:32:51.378Z,BTC,USDT,OKX,466117005,42633.6,0.03047608,buy
2024-01-01T11:32:51.655Z,BTC,USDT,OKX,466117006,42633.6,0.02360497,buy
2024-01-01T11:32:53.657Z,BTC,USDT,OKX,466117007,42633.6,0.00552104,buy
2024-01-01T11:32:53.657Z,BTC,USDT,OKX,466117008,42633.6,0.01094093,buy
2024-01-01T11:32:55.408Z,BTC,USDT,OKX,466117009,42633.5,5.981e-05,sell
2024-01-01T11:32:55.414Z,BTC,USDT,OKX,466117010,42633.5,5.981e-05,sell
2024-01-01T11:32:55.472Z,BTC,USDT,OKX,466117011,42633.6,0.00033722,buy
2024-01-01T11:32:55.660Z,BTC,USDT,OKX,466117013,42633.6,0.01765732,buy
2024-01-01T11:32:55.660Z,BTC,USDT,OKX,466117012,42633.6,0.00050498,buy
2024-01-01T11:32:56.903Z,BTC,USDT,OKX,466117014,42633.6,0.00059,buy
2024-01-01T11:32:57.534Z,BTC,USDT,OKX,466117015,42633.6,0.00203354,buy
2024-01-01T11:32:57.597Z,BTC,USDT,OKX,466117016,42633.9,0.00101677,sell
2024-01-01T11:32:57.597Z,BTC,USDT,OKX,466117017,42633.9,0.00465972,sell
2024-01-01T11:32:57.661Z,BTC,USDT,OKX,466117018,42634.0,0.043,buy
2024-01-01T11:32:58.214Z,BTC,USDT,OKX,466117020,42633.9,0.0022,sell
2024-01-01T11:32:58.214Z,BTC,USDT,OKX,466117019,42633.9,0.00179865,sell
2024-01-01T11:32:58.365Z,BTC,USDT,OKX,466117031,42630.7,0.00113789,sell
2024-01-01T11:32:58.365Z,BTC,USDT,OKX,466117024,42633.6,0.30240236,sell
2024-01-01T11:32:58.365Z,BTC,USDT,OKX,466117028,42633.5,0.18143,sell
2024-01-01T11:32:58.365Z,BTC,USDT,OKX,466117021,42633.9,0.0228,sell
2024-01-01T11:32:58.365Z,BTC,USDT,OKX,466117032,42630.6,8.417e-05,sell
2024-01-01T11:32:58.365Z,BTC,USDT,OKX,466117026,42633.5,0.00515802,sell
2024-01-01T11:32:58.365Z,BTC,USDT,OKX,466117027,42633.5,0.00234557,sell
2024-01-01T11:32:58.365Z,BTC,USDT,OKX,466117029,42633.5,0.22287508,sell
2024-01-01T11:32:58.365Z,BTC,USDT,OKX,466117030,42630.9,0.04873073,sell
2024-01-01T11:32:58.365Z,BTC,USDT,OKX,466117023,42633.6,0.29993952,sell
2024-01-01T11:32:58.365Z,BTC,USDT,OKX,466117022,42633.9,0.08645887,sell
2024-01-01T11:32:58.365Z,BTC,USDT,OKX,466117025,42633.5,0.00737414,sell
2024-01-01T11:32:58.367Z,BTC,USDT,OKX,466117033,42629.3,0.00882347,sell
2024-01-01T11:32:58.368Z,BTC,USDT,OKX,466117038,42628.1,0.22678989,sell
2024-01-01T11:32:58.368Z,BTC,USDT,OKX,466117040,42627.8,0.07667041,sell
2024-01-01T11:32:58.368Z,BTC,USDT,OKX,466117039,42628.1,0.45362736,sell
2024-01-01T11:32:58.368Z,BTC,USDT,OKX,466117037,42628.6,1.03e-05,sell
2024-01-01T11:32:58.368Z,BTC,USDT,OKX,466117042,42626.7,0.00410844,sell
2024-01-01T11:32:58.368Z,BTC,USDT,OKX,466117034,42629.2,0.45,sell
2024-01-01T11:32:58.368Z,BTC,USDT,OKX,466117041,42626.7,0.00235844,sell
2024-01-01T11:32:58.368Z,BTC,USDT,OKX,466117035,42629.2,0.46134422,sell
2024-01-01T11:32:58.368Z,BTC,USDT,OKX,466117036,42629.0,0.52674383,sell
2024-01-01T11:32:58.369Z,BTC,USDT,OKX,466117045,42625.6,0.04,sell
2024-01-01T11:32:58.369Z,BTC,USDT,OKX,466117047,42625.1,0.01361821,sell
2024-01-01T11:32:58.369Z,BTC,USDT,OKX,466117043,42626.3,0.00175,sell
2024-01-01T11:32:58.369Z,BTC,USDT,OKX,466117044,42626.0,0.02762205,sell
2024-01-01T11:32:58.369Z,BTC,USDT,OKX,466117046,42625.2,2.968e-05,sell
2024-01-01T11:32:58.370Z,BTC,USDT,OKX,466117056,42622.4,0.00020545,sell
2024-01-01T11:32:58.370Z,BTC,USDT,OKX,466117057,42622.2,0.21026106,sell
2024-01-01T11:32:58.370Z,BTC,USDT,OKX,466117049,42625.0,1.054e-05,sell
2024-01-01T11:32:58.370Z,BTC,USDT,OKX,466117054,42624.8,0.02346052,sell
2024-01-01T11:32:58.370Z,BTC,USDT,OKX,466117051,42625.0,3.185e-05,sell
2024-01-01T11:32:58.370Z,BTC,USDT,OKX,466117048,42625.0,6.176e-05,sell
2024-01-01T11:32:58.370Z,BTC,USDT,OKX,466117050,42625.0,0.00058893,sell
2024-01-01T11:32:58.370Z,BTC,USDT,OKX,466117058,42622.1,0.15438404,sell
2024-01-01T11:32:58.370Z,BTC,USDT,OKX,466117052,42625.0,1.963e-05,sell
2024-01-01T11:32:58.370Z,BTC,USDT,OKX,466117055,42624.4,0.02345571,sell
2024-01-01T11:32:58.370Z,BTC,USDT,OKX,466117053,42625.0,0.00086864,sell
2024-01-01T11:32:58.371Z,BTC,USDT,OKX,466117060,42630.8,0.00917904,sell
2024-01-01T11:32:58.371Z,BTC,USDT,OKX,466117061,42630.8,0.01497904,sell
2024-01-01T11:32:58.371Z,BTC,USDT,OKX,466117059,42630.8,0.00833208,sell
2024-01-01T11:32:58.372Z,BTC,USDT,OKX,466117062,42630.8,0.11750984,sell
2024-01-01T11:32:58.372Z,BTC,USDT,OKX,466117064,42630.2,0.13797776,sell
2024-01-01T11:32:58.372Z,BTC,USDT,OKX,466117063,42630.2,0.01202224,sell
2024-01-01T11:32:58.376Z,BTC,USDT,OKX,466117065,42625.0,0.00130296,sell
2024-01-01T11:32:58.377Z,BTC,USDT,OKX,466117070,42622.2,0.23302503,sell
2024-01-01T11:32:58.377Z,BTC,USDT,OKX,466117083,42620.0,4.978e-05,sell
2024-01-01T11:32:58.377Z,BTC,USDT,OKX,466117073,42620.7,0.00030891,sell
2024-01-01T11:32:58.377Z,BTC,USDT,OKX,466117079,42620.4,0.06344522,sell
2024-01-01T11:32:58.377Z,BTC,USDT,OKX,466117078,42620.4,0.00825408,sell
2024-01-01T11:32:58.377Z,BTC,USDT,OKX,466117086,42619.0,3.445e-05,sell
2024-01-01T11:32:58.377Z,BTC,USDT,OKX,466117080,42620.3,0.0234534,sell
2024-01-01T11:32:58.377Z,BTC,USDT,OKX,466117067,42622.2,0.19560121,sell
2024-01-01T11:32:58.377Z,BTC,USDT,OKX,466117076,42620.5,0.02225676,sell
2024-01-01T11:32:58.377Z,BTC,USDT,OKX,466117087,42618.9,0.14088027,sell
2024-01-01T11:32:58.377Z,BTC,USDT,OKX,466117071,42621.5,0.00693197,sell
2024-01-01T11:32:58.377Z,BTC,USDT,OKX,466117068,42622.2,0.02150794,sell
2024-01-01T11:32:58.377Z,BTC,USDT,OKX,466117085,42619.6,7.096e-05,sell
2024-01-01T11:32:58.377Z,BTC,USDT,OKX,466117081,42620.0,1.683e-05,sell
2024-01-01T11:32:58.377Z,BTC,USDT,OKX,466117074,42620.5,0.00715666,sell
2024-01-01T11:32:58.377Z,BTC,USDT,OKX,466117066,42625.0,0.11819704,sell
2024-01-01T11:32:58.377Z,BTC,USDT,OKX,466117072,42620.8,7.446e-05,sell
2024-01-01T11:32:58.377Z,BTC,USDT,OKX,466117082,42620.0,0.09654839,sell
2024-01-01T11:32:58.377Z,BTC,USDT,OKX,466117075,42620.5,0.00764288,sell
2024-01-01T11:32:58.377Z,BTC,USDT,OKX,466117084,42620.0,0.09699079,sell
2024-01-01T11:32:58.377Z,BTC,USDT,OKX,466117069,42622.2,0.01110794,sell
2024-01-01T11:32:58.377Z,BTC,USDT,OKX,466117077,42620.4,0.00827967,sell
2024-01-01T11:32:58.408Z,BTC,USDT,OKX,466117089,42618.9,0.17302096,sell
2024-01-01T11:32:58.408Z,BTC,USDT,OKX,466117090,42618.9,0.75,sell
2024-01-01T11:32:58.408Z,BTC,USDT,OKX,466117088,42618.9,0.56191176,sell
2024-01-01T11:32:58.634Z,BTC,USDT,OKX,466117092,42619.0,0.04664971,buy
2024-01-01T11:32:58.634Z,BTC,USDT,OKX,466117093,42619.6,0.00787878,buy
2024-01-01T11:32:58.634Z,BTC,USDT,OKX,466117091,42619.0,0.20132849,buy
2024-01-01T11:32:58.635Z,BTC,USDT,OKX,466117094,42619.6,0.00012122,buy
2024-01-01T11:32:59.662Z,BTC,USDT,OKX,466117096,42624.0,0.3056,buy
2024-01-01T11:32:59.662Z,BTC,USDT,OKX,466117095,42624.0,0.17358474,buy
2024-01-01T11:32:59.936Z,BTC,USDT,OKX,466117097,42624.0,0.00098,buy
2024-01-01T11:33:00.544Z,BTC,USDT,OKX,466117098,42624.0,0.002,buy
2024-01-01T11:33:00.894Z,BTC,USDT,OKX,466117099,42624.0,0.02557551,buy
2024-01-01T11:33:01.167Z,BTC,USDT,OKX,466117100,42624.0,0.000163,buy
2024-01-01T11:33:01.523Z,BTC,USDT,OKX,466117101,42624.0,0.0011,buy
2024-01-01T11:33:01.666Z,BTC,USDT,OKX,466117102,42624.0,0.0926708,buy
2024-01-01T11:33:03.666Z,BTC,USDT,OKX,466117104,42624.6,0.008,buy
2024-01-01T11:33:03.666Z,BTC,USDT,OKX,466117105,42624.6,0.02090272,buy
2024-01-01T11:33:03.666Z,BTC,USDT,OKX,466117103,42624.6,0.008,buy
2024-01-01T11:33:03.679Z,BTC,USDT,OKX,466117106,42625.1,0.00404863,sell
2024-01-01T11:33:03.933Z,BTC,USDT,OKX,466117107,42625.2,0.008,buy
2024-01-01T11:33:04.308Z,BTC,USDT,OKX,466117108,42627.8,0.00948581,sell
2024-01-01T11:33:05.668Z,BTC,USDT,OKX,466117109,42627.9,0.0159,buy
2024-01-01T11:33:07.754Z,BTC,USDT,OKX,466117110,42627.9,0.10319999,buy
2024-01-01T11:33:10.352Z,BTC,USDT,OKX,466117111,42627.8,0.01671552,sell
2024-01-01T11:33:11.028Z,BTC,USDT,OKX,466117112,42627.9,0.01146363,buy
2024-01-01T11:33:13.677Z,BTC,USDT,OKX,466117113,42627.9,0.01301986,buy
2024-01-01T11:33:13.774Z,BTC,USDT,OKX,466117116,42628.3,0.00234297,buy
2024-01-01T11:33:13.774Z,BTC,USDT,OKX,466117120,42628.5,0.01920985,buy
2024-01-01T11:33:13.774Z,BTC,USDT,OKX,466117121,42628.6,0.00208524,buy
2024-01-01T11:33:13.774Z,BTC,USDT,OKX,466117122,42628.7,0.0026007,buy
2024-01-01T11:33:13.774Z,BTC,USDT,OKX,466117119,42628.5,0.008,buy
2024-01-01T11:33:13.774Z,BTC,USDT,OKX,466117114,42627.9,0.00051651,buy
2024-01-01T11:33:13.774Z,BTC,USDT,OKX,466117117,42628.4,0.00199156,buy
2024-01-01T11:33:13.774Z,BTC,USDT,OKX,466117115,42628.2,0.00185159,buy
2024-01-01T11:33:13.774Z,BTC,USDT,OKX,466117123,42628.8,0.00194467,buy
2024-01-01T11:33:13.774Z,BTC,USDT,OKX,466117118,42628.5,0.00320985,buy
2024-01-01T11:33:13.785Z,BTC,USDT,OKX,466117124,42628.9,0.00320989,buy
2024-01-01T11:33:16.653Z,BTC,USDT,OKX,466117128,42629.2,0.00351451,buy
2024-01-01T11:33:16.653Z,BTC,USDT,OKX,466117130,42629.4,0.0025539,buy
2024-01-01T11:33:16.653Z,BTC,USDT,OKX,466117125,42629.0,0.00360821,buy
2024-01-01T11:33:16.653Z,BTC,USDT,OKX,466117135,42629.9,0.00307034,buy
2024-01-01T11:33:16.653Z,BTC,USDT,OKX,466117126,42629.0,0.08184177,buy
2024-01-01T11:33:16.653Z,BTC,USDT,OKX,466117134,42629.8,0.00175782,buy
2024-01-01T11:33:16.653Z,BTC,USDT,OKX,466117127,42629.1,0.0035145,buy
2024-01-01T11:33:16.653Z,BTC,USDT,OKX,466117131,42629.5,0.00246094,buy
2024-01-01T11:33:16.653Z,BTC,USDT,OKX,466117129,42629.3,0.00360825,buy
2024-01-01T11:33:16.653Z,BTC,USDT,OKX,466117132,42629.6,0.0031875,buy
2024-01-01T11:33:16.653Z,BTC,USDT,OKX,466117133,42629.7,0.00321095,buy
2024-01-01T11:33:16.665Z,BTC,USDT,OKX,466117136,42630.0,0.00187502,buy
2024-01-01T11:33:16.669Z,BTC,USDT,OKX,466117140,42630.4,0.00304694,buy
2024-01-01T11:33:16.669Z,BTC,USDT,OKX,466117142,42630.6,0.00295321,buy
2024-01-01T11:33:16.669Z,BTC,USDT,OKX,466117139,42630.3,0.00356257,buy
2024-01-01T11:33:16.669Z,BTC,USDT,OKX,466117141,42630.5,0.00194536,buy
2024-01-01T11:33:16.669Z,BTC,USDT,OKX,466117137,42630.1,0.00307036,buy
2024-01-01T11:33:16.669Z,BTC,USDT,OKX,466117138,42630.2,0.00316412,buy
2024-01-01T11:33:19.335Z,BTC,USDT,OKX,466117143,42633.5,0.00468279,sell
2024-01-01T11:33:22.351Z,BTC,USDT,OKX,466117144,42633.5,0.0025724,sell
2024-01-01T11:33:25.676Z,BTC,USDT,OKX,466117151,42633.6,0.82564157,buy
2024-01-01T11:33:25.676Z,BTC,USDT,OKX,466117149,42633.6,0.15,buy
2024-01-01T11:33:25.676Z,BTC,USDT,OKX,466117148,42633.6,0.22488655,buy
2024-01-01T11:33:25.676Z,BTC,USDT,OKX,466117147,42633.6,0.04860605,buy
2024-01-01T11:33:25.676Z,BTC,USDT,OKX,466117145,42633.6,0.00246284,buy
2024-01-01T11:33:25.676Z,BTC,USDT,OKX,466117150,42633.6,0.45,buy
2024-01-01T11:33:25.676Z,BTC,USDT,OKX,466117146,42633.6,0.00078424,buy
2024-01-01T11:33:25.678Z,BTC,USDT,OKX,466117158,42636.9,0.02753173,buy
2024-01-01T11:33:25.678Z,BTC,USDT,OKX,466117155,42635.7,0.0202541,buy
2024-01-01T11:33:25.678Z,BTC,USDT,OKX,466117157,42636.9,0.19864712,buy
2024-01-01T11:33:25.678Z,BTC,USDT,OKX,466117156,42635.7,0.02749935,buy
2024-01-01T11:33:25.678Z,BTC,USDT,OKX,466117160,42636.9,0.08151118,buy
2024-01-01T11:33:25.678Z,BTC,USDT,OKX,466117154,42635.6,0.57474383,buy
2024-01-01T11:33:25.678Z,BTC,USDT,OKX,466117159,42636.9,0.17217985,buy
2024-01-01T11:33:25.678Z,BTC,USDT,OKX,466117153,42635.6,0.048,buy
2024-01-01T11:33:25.678Z,BTC,USDT,OKX,466117152,42634.9,0.02749935,buy
2024-01-01T11:33:25.685Z,BTC,USDT,OKX,466117161,42637.9,0.04785306,buy
2024-01-01T11:33:25.696Z,BTC,USDT,OKX,466117162,42639.8,0.00031369,sell
2024-01-01T11:33:28.081Z,BTC,USDT,OKX,466117163,42639.9,0.01451842,buy
2024-01-01T11:33:30.549Z,BTC,USDT,OKX,466117165,42639.8,0.04896836,sell
2024-01-01T11:33:30.549Z,BTC,USDT,OKX,466117164,42639.8,0.02468631,sell
2024-01-01T11:33:30.549Z,BTC,USDT,OKX,466117166,42639.8,0.0397,sell
2024-01-01T11:33:30.549Z,BTC,USDT,OKX,466117167,42639.8,0.12171287,sell
2024-01-01T11:33:32.086Z,BTC,USDT,OKX,466117168,42634.6,0.00736256,buy
2024-01-01T11:33:34.174Z,BTC,USDT,OKX,466117169,42635.9,0.0117001,buy
2024-01-01T11:33:36.453Z,BTC,USDT,OKX,466117170,42639.7,0.00467099,buy
2024-01-01T11:33:37.037Z,BTC,USDT,OKX,466117171,42639.9,0.01734525,sell
2024-01-01T11:33:38.069Z,BTC,USDT,OKX,466117172,42639.9,0.01675004,sell
2024-01-01T11:33:38.459Z,BTC,USDT,OKX,466117174,42640.0,0.00473679,buy
2024-01-01T11:33:38.459Z,BTC,USDT,OKX,466117173,42640.0,1.683e-05,buy
2024-01-01T11:33:41.216Z,BTC,USDT,OKX,466117175,42640.0,0.0073308,buy
2024-01-01T11:33:41.216Z,BTC,USDT,OKX,466117176,42640.0,0.02503666,buy
2024-01-01T11:33:41.419Z,BTC,USDT,OKX,466117177,42640.0,0.00701456,buy
2024-01-01T11:33:41.491Z,BTC,USDT,OKX,466117178,42639.9,0.00024,sell
2024-01-01T11:33:43.849Z,BTC,USDT,OKX,466117179,42641.8,0.1173,sell
2024-01-01T11:33:48.406Z,BTC,USDT,OKX,466117180,42641.8,0.05463154,sell
2024-01-01T11:33:49.704Z,BTC,USDT,OKX,466117181,42641.8,0.00507753,sell
2024-01-01T11:33:50.314Z,BTC,USDT,OKX,466117183,42641.8,0.05718101,sell
2024-01-01T11:33:50.314Z,BTC,USDT,OKX,466117182,42641.8,0.04896101,sell
2024-01-01T11:33:51.741Z,BTC,USDT,OKX,466117185,42641.2,0.0140646,sell
2024-01-01T11:33:51.741Z,BTC,USDT,OKX,466117184,42641.2,0.008,sell
2024-01-01T11:33:52.393Z,BTC,USDT,OKX,466117186,42641.3,0.00082499,buy
2024-01-01T11:33:53.678Z,BTC,USDT,OKX,466117187,42641.2,0.04289423,sell
2024-01-01T11:33:53.778Z,BTC,USDT,OKX,466117188,42640.6,0.00226223,sell
2024-01-01T11:33:55.770Z,BTC,USDT,OKX,466117189,42640.6,0.0074537,sell
2024-01-01T11:33:57.235Z,BTC,USDT,OKX,466117191,42640.6,0.04980154,sell
2024-01-01T11:33:57.235Z,BTC,USDT,OKX,466117190,42640.6,0.04895952,sell
2024-01-01T11:33:57.282Z,BTC,USDT,OKX,466117194,42640.0,0.008,sell
2024-01-01T11:33:57.282Z,BTC,USDT,OKX,466117192,42640.0,0.008,sell
2024-01-01T11:33:57.282Z,BTC,USDT,OKX,466117195,42640.0,0.0263,sell
2024-01-01T11:33:57.282Z,BTC,USDT,OKX,466117193,42640.0,0.00234521,sell
2024-01-01T11:33:57.288Z,BTC,USDT,OKX,466117196,42640.0,4.521e-05,sell
2024-01-01T11:33:57.294Z,BTC,USDT,OKX,466117197,42635.5,0.0073353,sell
2024-01-01T11:33:57.774Z,BTC,USDT,OKX,466117198,42635.8,0.05122219,sell
2024-01-01T11:33:59.935Z,BTC,USDT,OKX,466117199,42636.5,0.008,buy
2024-01-01T11:33:59.935Z,BTC,USDT,OKX,466117200,42636.5,0.02243392,buy
2024-01-01T11:34:00.965Z,BTC,USDT,OKX,466117201,42636.5,0.001,buy
2024-01-01T11:34:03.940Z,BTC,USDT,OKX,466117202,42636.5,0.0291,buy
2024-01-01T11:34:04.132Z,BTC,USDT,OKX,466117205,42637.1,0.016,buy
2024-01-01T11:34:04.132Z,BTC,USDT,OKX,466117204,42637.1,0.008,buy
2024-01-01T11:34:04.132Z,BTC,USDT,OKX,466117203,42636.5,0.07114575,buy
2024-01-01T11:34:04.250Z,BTC,USDT,OKX,466117206,42640.0,0.00093808,buy
2024-01-01T11:34:05.337Z,BTC,USDT,OKX,466117208,42639.9,0.08489751,sell
2024-01-01T11:34:05.337Z,BTC,USDT,OKX,466117207,42639.9,0.07261,sell
2024-01-01T11:34:06.539Z,BTC,USDT,OKX,466117209,42639.9,6.243e-05,sell
2024-01-01T11:34:08.306Z,BTC,USDT,OKX,466117210,42640.0,0.00402183,buy
2024-01-01T11:34:11.707Z,BTC,USDT,OKX,466117211,42640.0,0.00469919,buy
2024-01-01T11:34:11.805Z,BTC,USDT,OKX,466117212,42639.9,0.0023624,sell
2024-01-01T11:34:11.853Z,BTC,USDT,OKX,466117213,42639.9,0.01,sell
2024-01-01T11:34:11.921Z,BTC,USDT,OKX,466117214,42640.0,0.00679703,buy
2024-01-01T11:34:13.523Z,BTC,USDT,OKX,466117215,42640.0,0.06546253,buy
2024-01-01T11:34:13.564Z,BTC,USDT,OKX,466117216,42640.6,0.00797485,buy
2024-01-01T11:34:13.565Z,BTC,USDT,OKX,466117217,42640.6,2.515e-05,buy
2024-01-01T11:34:13.565Z,BTC,USDT,OKX,466117218,42641.9,0.27018566,buy
2024-01-01T11:34:14.114Z,BTC,USDT,OKX,466117219,42645.9,0.0016,sell
2024-01-01T11:34:21.027Z,BTC,USDT,OKX,466117220,42646.0,0.00470384,buy
2024-01-01T11:34:24.653Z,BTC,USDT,OKX,466117221,42645.9,0.002,sell
2024-01-01T11:34:25.880Z,BTC,USDT,OKX,466117222,42645.9,0.00404751,sell
2024-01-01T11:34:26.646Z,BTC,USDT,OKX,466117223,42645.9,0.0429135,sell
2024-01-01T11:34:26.646Z,BTC,USDT,OKX,466117225,42645.9,0.04616548,sell
2024-01-01T11:34:26.646Z,BTC,USDT,OKX,466117224,42645.9,0.00249705,sell
2024-01-01T11:34:26.650Z,BTC,USDT,OKX,466117226,42645.3,0.008,sell
2024-01-01T11:34:26.650Z,BTC,USDT,OKX,466117228,42645.1,0.00468987,sell
2024-01-01T11:34:26.650Z,BTC,USDT,OKX,466117227,42645.3,0.016,sell
2024-01-01T11:34:26.714Z,BTC,USDT,OKX,466117229,42642.4,0.00488887,sell
2024-01-01T11:34:27.357Z,BTC,USDT,OKX,466117230,42640.4,0.0009,sell
2024-01-01T11:34:27.605Z,BTC,USDT,OKX,466117231,42640.5,0.00244444,buy
2024-01-01T11:34:27.605Z,BTC,USDT,OKX,466117232,42640.5,0.00916154,buy
2024-01-01T11:34:29.728Z,BTC,USDT,OKX,466117234,42640.4,0.00309565,sell
2024-01-01T11:34:29.728Z,BTC,USDT,OKX,466117235,42640.4,0.20280323,sell
2024-01-01T11:34:29.728Z,BTC,USDT,OKX,466117233,42640.4,0.04805412,sell
2024-01-01T11:34:29.728Z,BTC,USDT,OKX,466117236,42640.4,0.37429615,sell
2024-01-01T11:34:29.745Z,BTC,USDT,OKX,466117237,42640.3,0.00208722,sell
2024-01-01T11:34:29.745Z,BTC,USDT,OKX,466117238,42640.2,0.00300186,sell
2024-01-01T11:34:32.402Z,BTC,USDT,OKX,466117239,42640.2,0.00254454,buy
2024-01-01T11:34:32.402Z,BTC,USDT,OKX,466117240,42640.2,0.00470365,buy
2024-01-01T11:34:34.403Z,BTC,USDT,OKX,466117241,42640.2,0.00740967,buy
2024-01-01T11:34:35.113Z,BTC,USDT,OKX,466117242,42640.2,0.00091285,buy
2024-01-01T11:34:35.469Z,BTC,USDT,OKX,466117243,42640.1,0.0005766,sell
2024-01-01T11:34:36.657Z,BTC,USDT,OKX,466117245,42640.1,0.00468964,sell
2024-01-01T11:34:36.657Z,BTC,USDT,OKX,466117244,42640.1,0.00101814,sell
2024-01-01T11:34:37.224Z,BTC,USDT,OKX,466117247,42640.1,0.00469042,sell
2024-01-01T11:34:37.224Z,BTC,USDT,OKX,466117248,42640.1,0.0511,sell
2024-01-01T11:34:37.224Z,BTC,USDT,OKX,466117246,42640.1,0.04528894,sell
2024-01-01T11:34:37.309Z,BTC,USDT,OKX,466117249,42640.1,0.0181,sell
2024-01-01T11:34:42.411Z,BTC,USDT,OKX,466117250,42640.2,0.00484219,buy
2024-01-01T11:34:45.090Z,BTC,USDT,OKX,466117251,42640.2,0.0002,buy
2024-01-01T11:34:47.239Z,BTC,USDT,OKX,466117252,42640.1,0.00469042,sell
2024-01-01T11:34:48.482Z,BTC,USDT,OKX,466117253,42640.2,0.00199913,buy
2024-01-01T11:34:50.486Z,BTC,USDT,OKX,466117256,42640.2,0.02835978,buy
2024-01-01T11:34:50.486Z,BTC,USDT,OKX,466117255,42640.2,0.00262364,buy
2024-01-01T11:34:50.486Z,BTC,USDT,OKX,466117254,42640.2,0.01533504,buy
2024-01-01T11:34:50.530Z,BTC,USDT,OKX,466117257,42640.2,0.0019543,buy
2024-01-01T11:34:51.205Z,BTC,USDT,OKX,466117258,42640.6,7.412e-05,buy
2024-01-01T11:34:53.349Z,BTC,USDT,OKX,466117259,42640.7,0.00016,sell
2024-01-01T11:34:53.371Z,BTC,USDT,OKX,466117260,42640.7,8.932e-05,sell
2024-01-01T11:34:55.998Z,BTC,USDT,OKX,466117261,42640.8,0.00342013,buy
2024-01-01T11:34:56.809Z,BTC,USDT,OKX,466117262,42640.8,0.00011725,buy
2024-01-01T11:34:57.512Z,BTC,USDT,OKX,466117264,42640.7,9.017e-05,sell
2024-01-01T11:34:57.512Z,BTC,USDT,OKX,466117263,42640.7,2.835e-05,sell
2024-01-01T11:35:00.344Z,BTC,USDT,OKX,466117265,42640.7,0.00253644,sell
2024-01-01T11:35:02.589Z,BTC,USDT,OKX,466117266,42640.8,0.09861458,buy
2024-01-01T11:35:02.589Z,BTC,USDT,OKX,466117267,42641.4,0.008,buy
2024-01-01T11:35:02.592Z,BTC,USDT,OKX,466117268,42643.9,0.21050157,buy
2024-01-01T11:35:02.593Z,BTC,USDT,OKX,466117269,42643.9,0.05968088,buy
2024-01-01T11:35:02.627Z,BTC,USDT,OKX,466117270,42647.2,1.011e-05,sell
2024-01-01T11:35:02.637Z,BTC,USDT,OKX,466117271,42647.2,6.333e-05,sell
2024-01-01T11:35:05.940Z,BTC,USDT,OKX,466117272,42647.4,0.01268983,buy
2024-01-01T11:35:07.942Z,BTC,USDT,OKX,466117273,42647.4,0.01208821,buy
2024-01-01T11:35:11.580Z,BTC,USDT,OKX,466117274,42647.3,0.04896009,sell
2024-01-01T11:35:11.580Z,BTC,USDT,OKX,466117275,42647.3,0.09997276,sell
2024-01-01T11:35:15.143Z,BTC,USDT,OKX,466117276,42647.4,0.00091292,buy
2024-01-01T11:35:15.902Z,BTC,USDT,OKX,466117277,42647.3,0.02,sell
2024-01-01T11:35:15.952Z,BTC,USDT,OKX,466117278,42647.4,0.0254495,buy
2024-01-01T11:35:17.996Z,BTC,USDT,OKX,466117279,42647.4,0.01520514,buy
2024-01-01T11:35:18.382Z,BTC,USDT,OKX,466117280,42647.4,0.0023448,buy
2024-01-01T11:35:18.544Z,BTC,USDT,OKX,466117281,42647.3,3.636e-05,sell
2024-01-01T11:35:20.654Z,BTC,USDT,OKX,466117282,42648.0,0.00046895,buy
2024-01-01T11:35:22.048Z,BTC,USDT,OKX,466117283,42648.0,0.00342191,buy
2024-01-01T11:35:22.887Z,BTC,USDT,OKX,466117284,42648.0,0.00195583,buy
2024-01-01T11:35:23.523Z,BTC,USDT,OKX,466117285,42647.9,0.02014875,sell
2024-01-01T11:35:26.292Z,BTC,USDT,OKX,466117286,42648.0,0.0022647,buy
2024-01-01T11:35:28.438Z,BTC,USDT,OKX,466117287,42648.0,0.00463677,buy
2024-01-01T11:35:30.542Z,BTC,USDT,OKX,466117288,42648.0,0.04437469,buy
2024-01-01T11:35:32.279Z,BTC,USDT,OKX,466117289,42647.9,4.69e-05,sell
2024-01-01T11:35:35.492Z,BTC,USDT,OKX,466117290,42648.0,0.00023447,buy
2024-01-01T11:35:38.677Z,BTC,USDT,OKX,466117291,42648.0,0.01593191,buy
2024-01-01T11:35:39.003Z,BTC,USDT,OKX,466117292,42647.9,0.00344117,sell
2024-01-01T11:35:40.762Z,BTC,USDT,OKX,466117293,42647.9,0.00136318,sell
2024-01-01T11:35:40.762Z,BTC,USDT,OKX,466117294,42647.9,0.00404006,sell
2024-01-01T11:35:45.091Z,BTC,USDT,OKX,466117295,42648.0,0.00869818,buy
2024-01-01T11:35:45.715Z,BTC,USDT,OKX,466117296,42647.9,0.000113,sell
2024-01-01T11:35:46.755Z,BTC,USDT,OKX,466117297,42648.0,0.000552,buy
2024-01-01T11:35:47.335Z,BTC,USDT,OKX,466117298,42647.9,0.00020166,sell
2024-01-01T11:35:48.477Z,BTC,USDT,OKX,466117299,42648.0,0.00311333,buy
2024-01-01T11:35:48.951Z,BTC,USDT,OKX,466117300,42647.9,9.644e-05,sell
2024-01-01T11:35:49.455Z,BTC,USDT,OKX,466117301,42648.0,0.00460454,buy
2024-01-01T11:35:49.455Z,BTC,USDT,OKX,466117302,42648.0,8.763e-05,buy
2024-01-01T11:35:49.459Z,BTC,USDT,OKX,466117307,42648.6,0.00702674,buy
2024-01-01T11:35:49.459Z,BTC,USDT,OKX,466117303,42648.4,0.00297,buy
2024-01-01T11:35:49.459Z,BTC,USDT,OKX,466117306,42648.6,0.01691304,buy
2024-01-01T11:35:49.459Z,BTC,USDT,OKX,466117308,42648.8,0.00843819,buy
2024-01-01T11:35:49.459Z,BTC,USDT,OKX,466117305,42648.6,0.008,buy
2024-01-01T11:35:49.459Z,BTC,USDT,OKX,466117304,42648.6,0.00793978,buy
2024-01-01T11:35:49.593Z,BTC,USDT,OKX,466117309,42649.0,0.01396941,buy
2024-01-01T11:35:49.593Z,BTC,USDT,OKX,466117310,42649.0,0.01970858,buy
2024-01-01T11:35:49.598Z,BTC,USDT,OKX,466117311,42649.9,0.00634421,sell
2024-01-01T11:35:50.598Z,BTC,USDT,OKX,466117312,42649.9,0.04528378,sell
2024-01-01T11:35:50.694Z,BTC,USDT,OKX,466117313,42650.0,0.0018,buy
2024-01-01T11:35:51.224Z,BTC,USDT,OKX,466117315,42649.9,0.0039,sell
2024-01-01T11:35:51.224Z,BTC,USDT,OKX,466117314,42649.9,0.0015509,sell
2024-01-01T11:35:54.425Z,BTC,USDT,OKX,466117318,42650.0,0.00432812,buy
2024-01-01T11:35:54.425Z,BTC,USDT,OKX,466117317,42650.0,0.56336648,buy
2024-01-01T11:35:54.425Z,BTC,USDT,OKX,466117319,42650.0,0.01084041,buy
2024-01-01T11:35:54.425Z,BTC,USDT,OKX,466117316,42650.0,0.0676946,buy
2024-01-01T11:35:54.426Z,BTC,USDT,OKX,466117320,42651.9,0.00708742,buy
2024-01-01T11:35:54.426Z,BTC,USDT,OKX,466117321,42652.0,0.00676388,buy
2024-01-01T11:35:54.430Z,BTC,USDT,OKX,466117322,42652.8,9.833e-05,sell
2024-01-01T11:35:54.719Z,BTC,USDT,OKX,466117323,42652.9,0.00693798,buy
2024-01-01T11:35:55.787Z,BTC,USDT,OKX,466117324,42655.9,0.01756827,buy
2024-01-01T11:36:00.536Z,BTC,USDT,OKX,466117325,42655.9,0.00390038,buy
2024-01-01T11:36:02.216Z,BTC,USDT,OKX,466117326,42655.8,0.0100846,sell
2024-01-01T11:36:03.243Z,BTC,USDT,OKX,466117327,42655.8,0.00062514,sell
2024-01-01T11:36:03.582Z,BTC,USDT,OKX,466117329,42655.9,0.01384333,buy
2024-01-01T11:36:03.582Z,BTC,USDT,OKX,466117328,42655.9,0.00580534,buy
2024-01-01T11:36:03.927Z,BTC,USDT,OKX,466117330,42655.9,0.00046886,buy
2024-01-01T11:36:03.989Z,BTC,USDT,OKX,466117331,42655.8,0.033,sell
2024-01-01T11:36:04.430Z,BTC,USDT,OKX,466117332,42655.8,0.00086967,sell
2024-01-01T11:36:06.236Z,BTC,USDT,OKX,466117333,42655.9,0.00827094,buy
2024-01-01T11:36:06.615Z,BTC,USDT,OKX,466117334,42655.9,0.00013534,buy
2024-01-01T11:36:09.724Z,BTC,USDT,OKX,466117335,42655.9,0.00119999,buy
2024-01-01T11:36:12.117Z,BTC,USDT,OKX,466117336,42655.9,0.01077894,buy
2024-01-01T11:36:12.888Z,BTC,USDT,OKX,466117337,42655.9,0.0002421,buy
2024-01-01T11:36:15.483Z,BTC,USDT,OKX,466117338,42655.9,0.00319625,buy
2024-01-01T11:36:18.126Z,BTC,USDT,OKX,466117339,42655.9,0.00878258,buy
2024-01-01T11:36:19.224Z,BTC,USDT,OKX,466117340,42655.9,0.00260018,buy
2024-01-01T11:36:19.299Z,BTC,USDT,OKX,466117341,42655.9,0.00149999,buy
2024-01-01T11:36:20.576Z,BTC,USDT,OKX,466117342,42655.8,0.01172903,sell
2024-01-01T11:36:23.199Z,BTC,USDT,OKX,466117343,42655.8,0.00243498,sell
2024-01-01T11:36:24.749Z,BTC,USDT,OKX,466117355,42655.3,0.00356344,sell
2024-01-01T11:36:24.749Z,BTC,USDT,OKX,466117353,42655.5,0.00164105,sell
2024-01-01T11:36:24.749Z,BTC,USDT,OKX,466117357,42655.1,0.00166451,sell
2024-01-01T11:36:24.749Z,BTC,USDT,OKX,466117348,42655.8,0.19829598,sell
2024-01-01T11:36:24.749Z,BTC,USDT,OKX,466117352,42655.6,0.00220369,sell
2024-01-01T11:36:24.749Z,BTC,USDT,OKX,466117366,42654.1,4.689e-05,sell
2024-01-01T11:36:24.749Z,BTC,USDT,OKX,466117344,42655.8,0.29273811,sell
2024-01-01T11:36:24.749Z,BTC,USDT,OKX,466117350,42655.8,0.65757176,sell
2024-01-01T11:36:24.749Z,BTC,USDT,OKX,466117358,42655.1,0.008,sell
2024-01-01T11:36:24.749Z,BTC,USDT,OKX,466117368,42654.0,0.01979561,sell
2024-01-01T11:36:24.749Z,BTC,USDT,OKX,466117345,42655.8,0.00468869,sell
2024-01-01T11:36:24.749Z,BTC,USDT,OKX,466117351,42655.7,0.00349308,sell
2024-01-01T11:36:24.749Z,BTC,USDT,OKX,466117359,42655.1,0.01766451,sell
2024-01-01T11:36:24.749Z,BTC,USDT,OKX,466117360,42655.0,0.00311803,sell
2024-01-01T11:36:24.749Z,BTC,USDT,OKX,466117346,42655.8,0.04894953,sell
2024-01-01T11:36:24.749Z,BTC,USDT,OKX,466117367,42654.1,0.13564694,sell
2024-01-01T11:36:24.749Z,BTC,USDT,OKX,466117363,42654.8,0.0033056,sell
2024-01-01T11:36:24.749Z,BTC,USDT,OKX,466117365,42654.6,0.00234441,sell
2024-01-01T11:36:24.749Z,BTC,USDT,OKX,466117356,42655.2,0.0018755,sell
2024-01-01T11:36:24.749Z,BTC,USDT,OKX,466117364,42654.7,0.00152386,sell
2024-01-01T11:36:24.749Z,BTC,USDT,OKX,466117349,42655.8,0.00316486,sell
2024-01-01T11:36:24.749Z,BTC,USDT,OKX,466117362,42654.9,0.00297738,sell
2024-01-01T11:36:24.749Z,BTC,USDT,OKX,466117361,42655.0,0.00559458,sell
2024-01-01T11:36:24.749Z,BTC,USDT,OKX,466117347,42655.8,0.10790494,sell
2024-01-01T11:36:24.749Z,BTC,USDT,OKX,466117354,42655.4,0.00335244,sell
2024-01-01T11:36:26.724Z,BTC,USDT,OKX,466117369,42653.2,0.01379959,sell
2024-01-01T11:36:27.667Z,BTC,USDT,OKX,466117370,42653.2,0.01390868,sell
2024-01-01T11:36:28.224Z,BTC,USDT,OKX,466117371,42653.2,0.0012,sell
2024-01-01T11:36:29.974Z,BTC,USDT,OKX,466117372,42653.3,0.00326268,buy
2024-01-01T11:36:30.602Z,BTC,USDT,OKX,466117373,42653.2,0.01013894,sell
2024-01-01T11:36:33.359Z,BTC,USDT,OKX,466117374,42653.3,0.00418734,buy
2024-01-01T11:36:33.738Z,BTC,USDT,OKX,466117375,42653.3,0.05177636,buy
2024-01-01T11:36:34.755Z,BTC,USDT,OKX,466117376,42653.2,0.00468898,sell
2024-01-01T11:36:37.166Z,BTC,USDT,OKX,466117377,42653.2,0.0156,sell
2024-01-01T11:36:39.156Z,BTC,USDT,OKX,466117378,42653.3,0.00325784,buy
2024-01-01T11:36:39.526Z,BTC,USDT,OKX,466117379,42653.3,0.01744,buy
2024-01-01T11:36:41.157Z,BTC,USDT,OKX,466117380,42653.3,0.00325773,buy
2024-01-01T11:36:41.535Z,BTC,USDT,OKX,466117381,42653.3,0.01178,buy
2024-01-01T11:36:41.763Z,BTC,USDT,OKX,466117382,42653.3,0.00071406,buy
2024-01-01T11:36:42.240Z,BTC,USDT,OKX,466117383,42653.2,0.0021,sell
2024-01-01T11:36:46.294Z,BTC,USDT,OKX,466117384,42653.3,0.0002519,buy
2024-01-01T11:36:48.077Z,BTC,USDT,OKX,466117385,42653.3,0.01106327,buy
2024-01-01T11:36:48.485Z,BTC,USDT,OKX,466117386,42653.2,0.0075,sell
2024-01-01T11:36:48.498Z,BTC,USDT,OKX,466117387,42653.2,0.01077043,sell
2024-01-01T11:36:48.540Z,BTC,USDT,OKX,466117388,42653.2,0.01,sell
2024-01-01T11:36:49.815Z,BTC,USDT,OKX,466117389,42653.3,0.01,buy
2024-01-01T11:36:50.848Z,BTC,USDT,OKX,466117390,42653.3,0.01,buy
2024-01-01T11:36:51.338Z,BTC,USDT,OKX,466117391,42653.3,0.00033527,buy
2024-01-01T11:36:51.443Z,BTC,USDT,OKX,466117392,42653.2,0.01380199,sell
2024-01-01T11:36:51.875Z,BTC,USDT,OKX,466117393,42653.3,0.01,buy
2024-01-01T11:36:52.907Z,BTC,USDT,OKX,466117394,42653.3,0.01,buy
2024-01-01T11:36:53.935Z,BTC,USDT,OKX,466117395,42653.3,0.01,buy
2024-01-01T11:36:54.962Z,BTC,USDT,OKX,466117396,42653.3,0.01,buy
2024-01-01T11:36:55.139Z,BTC,USDT,OKX,466117397,42653.3,0.01459843,buy
2024-01-01T11:36:55.993Z,BTC,USDT,OKX,466117398,42653.3,0.01,buy
2024-01-01T11:36:56.607Z,BTC,USDT,OKX,466117399,42653.2,0.00258617,sell
2024-01-01T11:36:57.020Z,BTC,USDT,OKX,466117400,42653.3,0.01,buy
2024-01-01T11:36:57.114Z,BTC,USDT,OKX,466117401,42653.2,0.0047,sell
2024-01-01T11:36:57.190Z,BTC,USDT,OKX,466117402,42653.3,0.00331953,buy
2024-01-01T11:36:58.047Z,BTC,USDT,OKX,466117403,42653.3,0.01,buy
2024-01-01T11:36:59.076Z,BTC,USDT,OKX,466117404,42653.3,0.01,buy
2024-01-01T11:37:00.292Z,BTC,USDT,OKX,466117405,42653.3,0.01615132,buy
2024-01-01T11:37:00.399Z,BTC,USDT,OKX,466117406,42653.2,0.01517291,sell
2024-01-01T11:37:01.473Z,BTC,USDT,OKX,466117407,42653.3,0.00116834,buy
2024-01-01T11:37:05.645Z,BTC,USDT,OKX,466117408,42653.3,0.00208759,buy
2024-01-01T11:37:06.495Z,BTC,USDT,OKX,466117409,42653.2,0.41907579,sell
2024-01-01T11:37:06.498Z,BTC,USDT,OKX,466117411,42653.2,0.0703347,sell
2024-01-01T11:37:06.498Z,BTC,USDT,OKX,466117414,42653.2,0.13684041,sell
2024-01-01T11:37:06.498Z,BTC,USDT,OKX,466117413,42653.2,0.0021,sell
2024-01-01T11:37:06.498Z,BTC,USDT,OKX,466117410,42653.2,0.04894276,sell
2024-01-01T11:37:06.498Z,BTC,USDT,OKX,466117412,42653.2,0.00468898,sell
2024-01-01T11:37:06.499Z,BTC,USDT,OKX,466117418,42653.0,0.04,sell
2024-01-01T11:37:06.499Z,BTC,USDT,OKX,466117416,42653.2,0.01335585,sell
2024-01-01T11:37:06.499Z,BTC,USDT,OKX,466117422,42652.5,0.09154653,sell
2024-01-01T11:37:06.499Z,BTC,USDT,OKX,466117417,42653.2,0.50042437,sell
2024-01-01T11:37:06.499Z,BTC,USDT,OKX,466117420,42652.5,0.02839213,sell
2024-01-01T11:37:06.499Z,BTC,USDT,OKX,466117421,42652.5,0.008,sell
2024-01-01T11:37:06.499Z,BTC,USDT,OKX,466117415,42653.2,0.01875585,sell
2024-01-01T11:37:06.499Z,BTC,USDT,OKX,466117419,42652.5,0.0471544,sell
2024-01-01T11:37:06.499Z,BTC,USDT,OKX,466117423,42652.1,0.13560001,sell
2024-01-01T11:37:06.507Z,BTC,USDT,OKX,466117424,42650.8,0.0534,sell
2024-01-01T11:37:06.510Z,BTC,USDT,OKX,466117425,42650.8,7.535e-05,sell
2024-01-01T11:37:06.510Z,BTC,USDT,OKX,466117426,42650.8,0.2329,sell
2024-01-01T11:37:07.679Z,BTC,USDT,OKX,466117427,42643.2,0.01153879,buy
2024-01-01T11:37:10.377Z,BTC,USDT,OKX,466117428,42643.1,0.00036,sell
2024-01-01T11:37:16.086Z,BTC,USDT,OKX,466117429,42643.2,0.00871559,buy
2024-01-01T11:37:16.508Z,BTC,USDT,OKX,466117430,42643.1,0.00468886,sell
2024-01-01T11:37:18.035Z,BTC,USDT,OKX,466117431,42643.2,0.0039152,buy
2024-01-01T11:37:21.350Z,BTC,USDT,OKX,466117432,42643.2,0.002,buy
2024-01-01T11:37:22.034Z,BTC,USDT,OKX,466117433,42643.1,0.00484415,sell
2024-01-01T11:37:22.034Z,BTC,USDT,OKX,466117436,42643.1,0.04721348,sell
2024-01-01T11:37:22.034Z,BTC,USDT,OKX,466117441,42642.6,0.00173535,sell
2024-01-01T11:37:22.034Z,BTC,USDT,OKX,466117435,42643.1,0.00347066,sell
2024-01-01T11:37:22.034Z,BTC,USDT,OKX,466117437,42643.0,0.00300166,sell
2024-01-01T11:37:22.034Z,BTC,USDT,OKX,466117440,42642.7,0.00159464,sell
2024-01-01T11:37:22.034Z,BTC,USDT,OKX,466117434,42643.1,0.03905273,sell
2024-01-01T11:37:22.034Z,BTC,USDT,OKX,466117439,42642.8,0.00220435,sell
2024-01-01T11:37:22.034Z,BTC,USDT,OKX,466117438,42642.9,0.00189949,sell
2024-01-01T11:37:22.044Z,BTC,USDT,OKX,466117442,42642.5,0.00246233,sell
2024-01-01T11:37:22.044Z,BTC,USDT,OKX,466117443,42642.4,0.00227473,sell
2024-01-01T11:37:23.521Z,BTC,USDT,OKX,466117448,42642.0,0.00328314,sell
2024-01-01T11:37:23.521Z,BTC,USDT,OKX,466117447,42642.1,0.00279066,sell
2024-01-01T11:37:23.521Z,BTC,USDT,OKX,466117444,42642.3,0.00347072,sell
2024-01-01T11:37:23.521Z,BTC,USDT,OKX,466117445,42642.3,0.05242806,sell
2024-01-01T11:37:23.521Z,BTC,USDT,OKX,466117449,42641.9,0.0033535,sell
2024-01-01T11:37:23.521Z,BTC,USDT,OKX,466117446,42642.2,0.00234509,sell
2024-01-01T11:37:23.522Z,BTC,USDT,OKX,466117452,42641.6,0.00321282,sell
2024-01-01T11:37:23.522Z,BTC,USDT,OKX,466117453,42641.5,0.00300176,sell
2024-01-01T11:37:23.522Z,BTC,USDT,OKX,466117450,42641.8,0.00157122,sell
2024-01-01T11:37:23.522Z,BTC,USDT,OKX,466117454,42641.4,0.00206372,sell
2024-01-01T11:37:23.522Z,BTC,USDT,OKX,466117451,42641.7,0.00300175,sell
2024-01-01T11:37:23.526Z,BTC,USDT,OKX,466117456,42641.2,0.00225134,sell
2024-01-01T11:37:23.526Z,BTC,USDT,OKX,466117457,42641.1,0.00325976,sell
2024-01-01T11:37:23.526Z,BTC,USDT,OKX,466117455,42641.3,0.00218098,sell
2024-01-01T11:37:23.527Z,BTC,USDT,OKX,466117458,42640.1,0.00947228,sell
2024-01-01T11:37:23.527Z,BTC,USDT,OKX,466117459,42640.1,0.00625058,sell
2024-01-01T11:37:23.528Z,BTC,USDT,OKX,466117460,42640.1,0.08514038,sell
2024-01-01T11:37:23.529Z,BTC,USDT,OKX,466117461,42640.1,0.43590989,sell
2024-01-01T11:37:25.639Z,BTC,USDT,OKX,466117462,42636.2,0.00600023,buy
2024-01-01T11:37:26.365Z,BTC,USDT,OKX,466117463,42636.2,0.01744,buy
2024-01-01T11:37:27.912Z,BTC,USDT,OKX,466117465,42636.2,0.0128,buy
2024-01-01T11:37:27.912Z,BTC,USDT,OKX,466117464,42636.2,0.00175977,buy
2024-01-01T11:37:29.100Z,BTC,USDT,OKX,466117466,42636.2,0.01304496,buy
2024-01-01T11:37:30.337Z,BTC,USDT,OKX,466117467,42636.2,0.00218368,buy
2024-01-01T11:37:32.044Z,BTC,USDT,OKX,466117468,42636.1,0.00468994,sell
2024-01-01T11:37:32.279Z,BTC,USDT,OKX,466117469,42636.2,0.11812179,buy
2024-01-01T11:37:36.846Z,BTC,USDT,OKX,466117470,42636.1,0.0234,sell
2024-01-01T11:37:39.890Z,BTC,USDT,OKX,466117480,42636.2,0.01871144,buy
2024-01-01T11:37:39.890Z,BTC,USDT,OKX,466117478,42636.2,0.00049114,buy
2024-01-01T11:37:39.890Z,BTC,USDT,OKX,466117476,42636.2,0.0003446,buy
2024-01-01T11:37:39.890Z,BTC,USDT,OKX,466117477,42636.2,0.00012139,buy
2024-01-01T11:37:39.890Z,BTC,USDT,OKX,466117474,42636.2,0.00031589,buy
2024-01-01T11:37:39.890Z,BTC,USDT,OKX,466117472,42636.2,2.691e-05,buy
2024-01-01T11:37:39.890Z,BTC,USDT,OKX,466117475,42636.2,0.00010749,buy
2024-01-01T11:37:39.890Z,BTC,USDT,OKX,466117471,42636.2,0.00871587,buy
2024-01-01T11:37:39.890Z,BTC,USDT,OKX,466117473,42636.2,5.821e-05,buy
2024-01-01T11:37:39.890Z,BTC,USDT,OKX,466117479,42636.2,0.00233736,buy
2024-01-01T11:37:40.589Z,BTC,USDT,OKX,466117481,42636.2,2.345e-05,buy
2024-01-01T11:37:43.534Z,BTC,USDT,OKX,466117484,42636.2,0.00802594,buy
2024-01-01T11:37:43.534Z,BTC,USDT,OKX,466117482,42636.2,0.00199833,buy
2024-01-01T11:37:43.534Z,BTC,USDT,OKX,466117485,42636.2,1.552e-05,buy
2024-01-01T11:37:43.534Z,BTC,USDT,OKX,466117483,42636.2,7.581e-05,buy
2024-01-01T11:37:43.534Z,BTC,USDT,OKX,466117486,42636.2,0.01105953,buy
2024-01-01T11:37:46.098Z,BTC,USDT,OKX,466117487,42636.2,0.0006,buy
2024-01-01T11:37:47.854Z,BTC,USDT,OKX,466117488,42636.1,0.0035255,sell
2024-01-01T11:37:49.958Z,BTC,USDT,OKX,466117490,42636.1,0.02203368,sell
2024-01-01T11:37:49.958Z,BTC,USDT,OKX,466117489,42636.1,0.01734282,sell
2024-01-01T11:37:50.086Z,BTC,USDT,OKX,466117491,42633.3,0.00080432,sell
2024-01-01T11:37:50.116Z,BTC,USDT,OKX,466117492,42633.3,0.00300155,sell
2024-01-01T11:37:50.163Z,BTC,USDT,OKX,466117493,42630.4,0.00150078,buy
2024-01-01T11:37:50.163Z,BTC,USDT,OKX,466117494,42630.4,0.0023111,buy
2024-01-01T11:37:50.221Z,BTC,USDT,OKX,466117500,42630.3,0.08117608,sell
2024-01-01T11:37:50.221Z,BTC,USDT,OKX,466117497,42630.3,0.00825362,sell
2024-01-01T11:37:50.221Z,BTC,USDT,OKX,466117495,42630.3,0.00801989,sell
2024-01-01T11:37:50.221Z,BTC,USDT,OKX,466117499,42630.3,0.00113792,sell
2024-01-01T11:37:50.221Z,BTC,USDT,OKX,466117496,42630.3,0.00764269,sell
2024-01-01T11:37:50.221Z,BTC,USDT,OKX,466117498,42630.3,0.00715659,sell
2024-01-01T11:37:50.861Z,BTC,USDT,OKX,466117501,42628.0,0.00804955,sell
2024-01-01T11:37:52.149Z,BTC,USDT,OKX,466117502,42628.0,0.15,sell
2024-01-01T11:37:52.153Z,BTC,USDT,OKX,466117503,42628.0,0.34195045,sell
2024-01-01T11:37:52.153Z,BTC,USDT,OKX,466117504,42628.0,0.39091582,sell
2024-01-01T11:37:55.619Z,BTC,USDT,OKX,466117505,42624.0,0.01014269,buy
2024-01-01T11:37:55.874Z,BTC,USDT,OKX,466117506,42624.0,0.00346946,buy
2024-01-01T11:37:55.900Z,BTC,USDT,OKX,466117507,42624.0,0.00040027,buy
2024-01-01T11:37:56.433Z,BTC,USDT,OKX,466117508,42624.0,0.00397626,buy
2024-01-01T11:37:57.557Z,BTC,USDT,OKX,466117509,42623.9,0.00028976,sell
2024-01-01T11:37:57.897Z,BTC,USDT,OKX,466117510,42624.0,0.00196832,buy
2024-01-01T11:37:58.229Z,BTC,USDT,OKX,466117511,42624.0,0.02045497,buy
2024-01-01T11:37:58.590Z,BTC,USDT,OKX,466117512,42624.0,0.00688919,buy
2024-01-01T11:37:58.592Z,BTC,USDT,OKX,466117513,42624.0,0.01029689,buy
2024-01-01T11:37:58.668Z,BTC,USDT,OKX,466117514,42624.0,0.00687,buy
2024-01-01T11:38:00.105Z,BTC,USDT,OKX,466117515,42624.0,0.00046884,buy
2024-01-01T11:38:00.191Z,BTC,USDT,OKX,466117516,42624.0,0.00177358,buy
2024-01-01T11:38:01.119Z,BTC,USDT,OKX,466117517,42624.0,0.11806321,buy
2024-01-01T11:38:01.240Z,BTC,USDT,OKX,466117519,42624.0,0.05965748,buy
2024-01-01T11:38:01.240Z,BTC,USDT,OKX,466117518,42624.0,0.05344719,buy
2024-01-01T11:38:01.492Z,BTC,USDT,OKX,466117522,42624.7,0.008,buy
2024-01-01T11:38:01.492Z,BTC,USDT,OKX,466117521,42624.7,0.008,buy
2024-01-01T11:38:01.492Z,BTC,USDT,OKX,466117523,42624.7,0.00831298,buy
2024-01-01T11:38:01.492Z,BTC,USDT,OKX,466117524,42624.7,0.15237497,buy
2024-01-01T11:38:01.492Z,BTC,USDT,OKX,466117520,42624.7,0.008,buy
2024-01-01T11:38:01.514Z,BTC,USDT,OKX,466117525,42626.0,0.00775598,buy
2024-01-01T11:38:02.124Z,BTC,USDT,OKX,466117526,42627.4,0.03044575,sell
2024-01-01T11:38:02.407Z,BTC,USDT,OKX,466117527,42627.5,0.00232717,buy
2024-01-01T11:38:02.804Z,BTC,USDT,OKX,466117528,42627.5,0.00424514,buy
2024-01-01T11:38:02.804Z,BTC,USDT,OKX,466117529,42627.5,0.01409579,buy
2024-01-01T11:38:05.733Z,BTC,USDT,OKX,466117530,42627.5,0.02802,buy
2024-01-01T11:38:06.454Z,BTC,USDT,OKX,466117531,42627.4,0.01663429,sell
2024-01-01T11:38:06.868Z,BTC,USDT,OKX,466117532,42627.5,0.04617274,buy
2024-01-01T11:38:06.868Z,BTC,USDT,OKX,466117533,42627.5,0.05310665,buy
2024-01-01T11:38:06.868Z,BTC,USDT,OKX,466117534,42627.5,3.292e-05,buy
2024-01-01T11:38:06.868Z,BTC,USDT,OKX,466117535,42627.6,0.0097399,buy
2024-01-01T11:38:06.869Z,BTC,USDT,OKX,466117537,42628.2,0.00829386,buy
2024-01-01T11:38:06.869Z,BTC,USDT,OKX,466117536,42628.0,0.00536211,buy
2024-01-01T11:38:06.869Z,BTC,USDT,OKX,466117538,42628.2,0.01629386,buy
2024-01-01T11:38:06.874Z,BTC,USDT,OKX,466117539,42629.8,0.00960794,sell
2024-01-01T11:38:06.878Z,BTC,USDT,OKX,466117540,42629.8,5.091e-05,sell
2024-01-01T11:38:06.986Z,BTC,USDT,OKX,466117541,42629.9,0.00924407,buy
2024-01-01T11:38:08.080Z,BTC,USDT,OKX,466117542,42630.9,0.00116717,sell
2024-01-01T11:38:08.176Z,BTC,USDT,OKX,466117543,42631.0,0.00738195,buy
2024-01-01T11:38:12.788Z,BTC,USDT,OKX,466117546,42631.4,0.00300166,buy
2024-01-01T11:38:12.788Z,BTC,USDT,OKX,466117544,42631.0,0.00922565,buy
2024-01-01T11:38:12.788Z,BTC,USDT,OKX,466117545,42631.3,0.00328314,buy
2024-01-01T11:38:12.788Z,BTC,USDT,OKX,466117547,42631.5,0.00090483,buy
2024-01-01T11:38:12.804Z,BTC,USDT,OKX,466117548,42631.5,0.00073622,buy
2024-01-01T11:38:12.804Z,BTC,USDT,OKX,466117549,42631.6,0.00311803,buy
2024-01-01T11:38:21.534Z,BTC,USDT,OKX,466117551,42631.7,0.00504642,buy
2024-01-01T11:38:21.534Z,BTC,USDT,OKX,466117552,42631.7,0.02529338,buy
2024-01-01T11:38:21.534Z,BTC,USDT,OKX,466117550,42631.7,0.00208722,buy
2024-01-01T11:38:24.811Z,BTC,USDT,OKX,466117571,42630.3,0.04276798,sell
2024-01-01T11:38:24.811Z,BTC,USDT,OKX,466117554,42631.6,0.07037034,sell
2024-01-01T11:38:24.811Z,BTC,USDT,OKX,466117568,42630.5,0.0031902,sell
2024-01-01T11:38:24.811Z,BTC,USDT,OKX,466117572,42630.2,0.0020408,sell
2024-01-01T11:38:24.811Z,BTC,USDT,OKX,466117567,42630.6,0.0025803,sell
2024-01-01T11:38:24.811Z,BTC,USDT,OKX,466117570,42630.3,0.04,sell
2024-01-01T11:38:24.811Z,BTC,USDT,OKX,466117569,42630.4,0.00208771,sell
2024-01-01T11:38:24.811Z,BTC,USDT,OKX,466117575,42629.1,0.02834756,sell
2024-01-01T11:38:24.811Z,BTC,USDT,OKX,466117559,42631.2,0.00265063,sell
2024-01-01T11:38:24.811Z,BTC,USDT,OKX,466117553,42631.6,0.03767027,sell
2024-01-01T11:38:24.811Z,BTC,USDT,OKX,466117562,42630.9,0.00288522,sell
2024-01-01T11:38:24.811Z,BTC,USDT,OKX,466117574,42629.6,0.05294311,sell
2024-01-01T11:38:24.811Z,BTC,USDT,OKX,466117566,42630.7,0.00330747,sell
2024-01-01T11:38:24.811Z,BTC,USDT,OKX,466117558,42631.3,0.00234569,sell
2024-01-01T11:38:24.811Z,BTC,USDT,OKX,466117565,42630.8,0.00304943,sell
2024-01-01T11:38:24.811Z,BTC,USDT,OKX,466117555,42631.6,0.00235312,sell
2024-01-01T11:38:24.811Z,BTC,USDT,OKX,466117557,42631.4,0.00185309,sell
2024-01-01T11:38:24.811Z,BTC,USDT,OKX,466117561,42631.0,0.00215805,sell
2024-01-01T11:38:24.811Z,BTC,USDT,OKX,466117564,42630.9,0.01888522,sell
2024-01-01T11:38:24.811Z,BTC,USDT,OKX,466117573,42630.1,0.00246304,sell
2024-01-01T11:38:24.811Z,BTC,USDT,OKX,466117560,42631.1,0.00269755,sell
2024-01-01T11:38:24.811Z,BTC,USDT,OKX,466117563,42630.9,0.008,sell
2024-01-01T11:38:24.811Z,BTC,USDT,OKX,466117556,42631.6,0.11155972,sell
2024-01-01T11:38:25.132Z,BTC,USDT,OKX,466117576,42627.4,0.00280101,buy
2024-01-01T11:38:32.390Z,BTC,USDT,OKX,466117577,42627.3,0.00223204,sell
2024-01-01T11:38:34.379Z,BTC,USDT,OKX,466117578,42627.3,0.0003584,sell
2024-01-01T11:38:41.852Z,BTC,USDT,OKX,466117579,42627.3,0.03507921,sell
2024-01-01T11:38:41.852Z,BTC,USDT,OKX,466117581,42627.3,0.04688535,sell
2024-01-01T11:38:41.852Z,BTC,USDT,OKX,466117580,42627.3,0.00146526,sell
2024-01-01T11:38:43.593Z,BTC,USDT,OKX,466117582,42626.7,0.00582519,buy
2024-01-01T11:38:48.443Z,BTC,USDT,OKX,466117583,42626.6,0.01317816,sell
2024-01-01T11:38:50.739Z,BTC,USDT,OKX,466117584,42626.6,0.00057616,sell
2024-01-01T11:38:54.347Z,BTC,USDT,OKX,466117585,42626.7,0.01157923,buy
2024-01-01T11:38:54.347Z,BTC,USDT,OKX,466117586,42626.7,0.02815136,buy
2024-01-01T11:38:57.163Z,BTC,USDT,OKX,466117587,42626.7,0.00484571,buy
2024-01-01T11:38:57.476Z,BTC,USDT,OKX,466117588,42626.7,0.00547157,buy
2024-01-01T11:38:59.859Z,BTC,USDT,OKX,466117589,42626.7,0.00768243,buy
2024-01-01T11:38:59.859Z,BTC,USDT,OKX,466117590,42627.2,0.00632145,buy
2024-01-01T11:38:59.859Z,BTC,USDT,OKX,466117591,42627.3,0.00607846,buy
2024-01-01T11:38:59.864Z,BTC,USDT,OKX,466117592,42627.2,0.00953168,sell
2024-01-01T11:39:02.920Z,BTC,USDT,OKX,466117593,42627.3,0.0281,buy
2024-01-01T11:39:03.125Z,BTC,USDT,OKX,466117594,42627.3,0.02477874,buy
2024-01-01T11:39:04.778Z,BTC,USDT,OKX,466117595,42627.3,0.02867,buy
2024-01-01T11:39:06.506Z,BTC,USDT,OKX,466117597,42627.2,0.08,sell
2024-01-01T11:39:06.506Z,BTC,USDT,OKX,466117596,42627.2,0.025,sell
2024-01-01T11:39:08.116Z,BTC,USDT,OKX,466117598,42627.3,0.00484939,buy
2024-01-01T11:39:14.669Z,BTC,USDT,OKX,466117599,42627.3,0.0092,buy
2024-01-01T11:39:16.263Z,BTC,USDT,OKX,466117600,42627.3,0.02330021,buy
2024-01-01T11:39:20.748Z,BTC,USDT,OKX,466117601,42627.3,0.01792621,buy
2024-01-01T11:39:22.357Z,BTC,USDT,OKX,466117602,42627.2,0.00034273,sell
2024-01-01T11:39:22.835Z,BTC,USDT,OKX,466117603,42627.3,0.0073915,buy
2024-01-01T11:39:22.842Z,BTC,USDT,OKX,466117604,42627.3,0.01158332,buy
2024-01-01T11:39:22.863Z,BTC,USDT,OKX,466117605,42627.3,0.02581834,buy
2024-01-01T11:39:22.863Z,BTC,USDT,OKX,466117606,42627.3,0.02882,buy
2024-01-01T11:39:23.063Z,BTC,USDT,OKX,466117609,42627.3,0.02753828,buy
2024-01-01T11:39:23.063Z,BTC,USDT,OKX,466117608,42627.3,0.00872685,buy
2024-01-01T11:39:23.063Z,BTC,USDT,OKX,466117607,42627.3,0.00999631,buy
2024-01-01T11:39:23.276Z,BTC,USDT,OKX,466117610,42627.3,0.01064487,buy
2024-01-01T11:39:23.276Z,BTC,USDT,OKX,466117612,42627.3,0.01238781,buy
2024-01-01T11:39:23.276Z,BTC,USDT,OKX,466117611,42627.3,0.00674099,buy
2024-01-01T11:39:23.277Z,BTC,USDT,OKX,466117613,42627.3,0.01279223,buy
2024-01-01T11:39:23.279Z,BTC,USDT,OKX,466117614,42627.3,0.00206881,buy
2024-01-01T11:39:23.287Z,BTC,USDT,OKX,466117615,42627.3,0.00603751,buy
2024-01-01T11:39:23.289Z,BTC,USDT,OKX,466117616,42627.3,0.00716471,buy
2024-01-01T11:39:23.304Z,BTC,USDT,OKX,466117617,42627.3,0.00155341,buy
2024-01-01T11:39:23.310Z,BTC,USDT,OKX,466117618,42627.3,0.0060535,buy
2024-01-01T11:39:23.310Z,BTC,USDT,OKX,466117619,42627.3,0.02244539,buy
2024-01-01T11:39:23.356Z,BTC,USDT,OKX,466117620,42627.3,0.01173116,buy
2024-01-01T11:39:23.356Z,BTC,USDT,OKX,466117622,42627.5,0.06904323,buy
2024-01-01T11:39:23.356Z,BTC,USDT,OKX,466117621,42627.4,0.00853854,buy
2024-01-01T11:39:23.357Z,BTC,USDT,OKX,466117640,42628.4,0.00349308,buy
2024-01-01T11:39:23.357Z,BTC,USDT,OKX,466117647,42629.1,0.00386827,buy
2024-01-01T11:39:23.357Z,BTC,USDT,OKX,466117638,42628.2,0.00159474,buy
2024-01-01T11:39:23.357Z,BTC,USDT,OKX,466117624,42627.5,0.2234,buy
2024-01-01T11:39:23.357Z,BTC,USDT,OKX,466117655,42631.1,0.13836142,buy
2024-01-01T11:39:23.357Z,BTC,USDT,OKX,466117630,42627.6,0.00215805,buy
2024-01-01T11:39:23.357Z,BTC,USDT,OKX,466117623,42627.5,0.36371293,buy
2024-01-01T11:39:23.357Z,BTC,USDT,OKX,466117628,42627.5,0.23981789,buy
2024-01-01T11:39:23.357Z,BTC,USDT,OKX,466117637,42628.1,0.00300186,buy
2024-01-01T11:39:23.357Z,BTC,USDT,OKX,466117641,42628.5,0.00335244,buy
2024-01-01T11:39:23.357Z,BTC,USDT,OKX,466117636,42628.0,0.01909565,buy
2024-01-01T11:39:23.357Z,BTC,USDT,OKX,466117627,42627.5,0.4095647,buy
2024-01-01T11:39:23.357Z,BTC,USDT,OKX,466117645,42628.9,0.00297738,buy
2024-01-01T11:39:23.357Z,BTC,USDT,OKX,466117653,42629.7,0.00227473,buy
2024-01-01T11:39:23.357Z,BTC,USDT,OKX,466117650,42629.4,0.00159464,buy
2024-01-01T11:39:23.357Z,BTC,USDT,OKX,466117644,42628.8,0.00166451,buy
2024-01-01T11:39:23.357Z,BTC,USDT,OKX,466117632,42627.8,0.00220435,buy
2024-01-01T11:39:23.357Z,BTC,USDT,OKX,466117654,42630.2,0.04468106,buy
2024-01-01T11:39:23.357Z,BTC,USDT,OKX,466117642,42628.6,0.00356344,buy
2024-01-01T11:39:23.357Z,BTC,USDT,OKX,466117648,42629.2,0.00347066,buy
2024-01-01T11:39:23.357Z,BTC,USDT,OKX,466117626,42627.5,0.28087592,buy
2024-01-01T11:39:23.357Z,BTC,USDT,OKX,466117646,42629.0,0.0033056,buy
2024-01-01T11:39:23.357Z,BTC,USDT,OKX,466117633,42627.9,0.00300175,buy
2024-01-01T11:39:23.357Z,BTC,USDT,OKX,466117629,42627.5,0.24922036,buy
2024-01-01T11:39:23.357Z,BTC,USDT,OKX,466117651,42629.5,0.00173535,buy
2024-01-01T11:39:23.357Z,BTC,USDT,OKX,466117631,42627.7,0.00220369,buy
2024-01-01T11:39:23.357Z,BTC,USDT,OKX,466117625,42627.5,0.12865778,buy
2024-01-01T11:39:23.357Z,BTC,USDT,OKX,466117649,42629.3,0.00189949,buy
2024-01-01T11:39:23.357Z,BTC,USDT,OKX,466117652,42629.6,0.00246233,buy
2024-01-01T11:39:23.357Z,BTC,USDT,OKX,466117643,42628.7,0.0018755,buy
2024-01-01T11:39:23.357Z,BTC,USDT,OKX,466117639,42628.3,0.00316486,buy
2024-01-01T11:39:23.357Z,BTC,USDT,OKX,466117634,42628.0,0.00309565,buy
2024-01-01T11:39:23.357Z,BTC,USDT,OKX,466117635,42628.0,0.008,buy
2024-01-01T11:39:23.358Z,BTC,USDT,OKX,466117656,42631.1,0.0640624,buy
2024-01-01T11:39:23.359Z,BTC,USDT,OKX,466117659,42631.2,0.06648601,buy
2024-01-01T11:39:23.359Z,BTC,USDT,OKX,466117658,42631.2,0.02345912,buy
2024-01-01T11:39:23.359Z,BTC,USDT,OKX,466117657,42631.1,0.06785099,buy
2024-01-01T11:39:23.360Z,BTC,USDT,OKX,466117660,42631.2,0.08012552,buy
2024-01-01T11:39:23.361Z,BTC,USDT,OKX,466117661,42631.2,0.01244764,buy
2024-01-01T11:39:23.361Z,BTC,USDT,OKX,466117662,42631.2,0.10343918,buy
2024-01-01T11:39:23.361Z,BTC,USDT,OKX,466117663,42631.9,0.1089,buy
2024-01-01T11:39:23.361Z,BTC,USDT,OKX,466117664,42631.9,0.1210138,buy
2024-01-01T11:39:23.362Z,BTC,USDT,OKX,466117666,42631.9,0.05888876,buy
2024-01-01T11:39:23.362Z,BTC,USDT,OKX,466117667,42633.5,0.03601661,buy
2024-01-01T11:39:23.362Z,BTC,USDT,OKX,466117665,42628.2,6.296e-05,sell
2024-01-01T11:39:23.371Z,BTC,USDT,OKX,466117668,42633.3,0.15,buy
2024-01-01T11:39:23.371Z,BTC,USDT,OKX,466117669,42633.4,0.01,buy
2024-01-01T11:39:23.376Z,BTC,USDT,OKX,466117671,42635.7,0.17,buy
2024-01-01T11:39:23.376Z,BTC,USDT,OKX,466117670,42634.8,0.15,buy
2024-01-01T11:39:23.416Z,BTC,USDT,OKX,466117673,42638.0,0.32,buy
2024-01-01T11:39:23.416Z,BTC,USDT,OKX,466117672,42638.0,0.226,buy
2024-01-01T11:39:23.421Z,BTC,USDT,OKX,466117674,42637.9,0.00047983,sell
2024-01-01T11:39:24.827Z,BTC,USDT,OKX,466117675,42639.0,0.0003,sell
2024-01-01T11:39:26.132Z,BTC,USDT,OKX,466117676,42639.1,0.01149559,buy
2024-01-01T11:39:27.856Z,BTC,USDT,OKX,466117688,42639.0,0.00023661,sell
2024-01-01T11:39:27.856Z,BTC,USDT,OKX,466117690,42639.0,0.00023661,sell
2024-01-01T11:39:27.856Z,BTC,USDT,OKX,466117699,42639.0,0.00023661,sell
2024-01-01T11:39:27.856Z,BTC,USDT,OKX,466117681,42639.0,0.00023661,sell
2024-01-01T11:39:27.856Z,BTC,USDT,OKX,466117695,42639.0,0.00023661,sell
2024-01-01T11:39:27.856Z,BTC,USDT,OKX,466117698,42639.0,0.00023661,sell
2024-01-01T11:39:27.856Z,BTC,USDT,OKX,466117683,42639.0,0.00023661,sell
2024-01-01T11:39:27.856Z,BTC,USDT,OKX,466117686,42639.0,0.00023661,sell
2024-01-01T11:39:27.856Z,BTC,USDT,OKX,466117680,42639.0,0.00023661,sell
2024-01-01T11:39:27.856Z,BTC,USDT,OKX,466117677,42639.0,0.00023661,sell
2024-01-01T11:39:27.856Z,BTC,USDT,OKX,466117679,42639.0,0.00023661,sell
2024-01-01T11:39:27.856Z,BTC,USDT,OKX,466117692,42639.0,0.00023661,sell
2024-01-01T11:39:27.856Z,BTC,USDT,OKX,466117678,42639.0,0.00023661,sell
2024-01-01T11:39:27.856Z,BTC,USDT,OKX,466117682,42639.0,0.00023661,sell
2024-01-01T11:39:27.856Z,BTC,USDT,OKX,466117685,42639.0,0.00023661,sell
2024-01-01T11:39:27.856Z,BTC,USDT,OKX,466117691,42639.0,0.00023661,sell
2024-01-01T11:39:27.856Z,BTC,USDT,OKX,466117697,42639.0,0.00023661,sell
2024-01-01T11:39:27.856Z,BTC,USDT,OKX,466117684,42639.0,0.00023661,sell
2024-01-01T11:39:27.856Z,BTC,USDT,OKX,466117689,42639.0,0.00023661,sell
2024-01-01T11:39:27.856Z,BTC,USDT,OKX,466117696,42639.0,0.00023661,sell
2024-01-01T11:39:27.856Z,BTC,USDT,OKX,466117693,42639.0,0.00023661,sell
2024-01-01T11:39:27.856Z,BTC,USDT,OKX,466117694,42639.0,0.00023661,sell
2024-01-01T11:39:27.856Z,BTC,USDT,OKX,466117687,42639.0,0.00023661,sell
2024-01-01T11:39:27.857Z,BTC,USDT,OKX,466117704,42639.0,0.00023661,sell
2024-01-01T11:39:27.857Z,BTC,USDT,OKX,466117717,42639.0,0.00023661,sell
2024-01-01T11:39:27.857Z,BTC,USDT,OKX,466117723,42639.0,0.00023661,sell
2024-01-01T11:39:27.857Z,BTC,USDT,OKX,466117714,42639.0,0.00023661,sell
2024-01-01T11:39:27.857Z,BTC,USDT,OKX,466117705,42639.0,0.00023661,sell
2024-01-01T11:39:27.857Z,BTC,USDT,OKX,466117703,42639.0,0.00023661,sell
2024-01-01T11:39:27.857Z,BTC,USDT,OKX,466117701,42639.0,0.00023661,sell
2024-01-01T11:39:27.857Z,BTC,USDT,OKX,466117720,42639.0,0.00023661,sell
2024-01-01T11:39:27.857Z,BTC,USDT,OKX,466117702,42639.0,0.00023661,sell
2024-01-01T11:39:27.857Z,BTC,USDT,OKX,466117711,42639.0,0.00023661,sell
2024-01-01T11:39:27.857Z,BTC,USDT,OKX,466117709,42639.0,0.00023661,sell
2024-01-01T11:39:27.857Z,BTC,USDT,OKX,466117715,42639.0,0.00023661,sell
2024-01-01T11:39:27.857Z,BTC,USDT,OKX,466117716,42639.0,0.00023661,sell
2024-01-01T11:39:27.857Z,BTC,USDT,OKX,466117722,42639.0,0.00023661,sell
2024-01-01T11:39:27.857Z,BTC,USDT,OKX,466117721,42639.0,0.00023661,sell
2024-01-01T11:39:27.857Z,BTC,USDT,OKX,466117724,42639.0,0.00023661,sell
2024-01-01T11:39:27.857Z,BTC,USDT,OKX,466117707,42639.0,0.00023661,sell
2024-01-01T11:39:27.857Z,BTC,USDT,OKX,466117710,42639.0,0.00023661,sell
2024-01-01T11:39:27.857Z,BTC,USDT,OKX,466117712,42639.0,0.00023661,sell
2024-01-01T11:39:27.857Z,BTC,USDT,OKX,466117706,42639.0,0.00023661,sell
2024-01-01T11:39:27.857Z,BTC,USDT,OKX,466117713,42639.0,0.00023661,sell
2024-01-01T11:39:27.857Z,BTC,USDT,OKX,466117726,42639.0,0.00023661,sell
2024-01-01T11:39:27.857Z,BTC,USDT,OKX,466117719,42639.0,0.00023661,sell
2024-01-01T11:39:27.857Z,BTC,USDT,OKX,466117725,42639.0,0.00023661,sell
2024-01-01T11:39:27.857Z,BTC,USDT,OKX,466117700,42639.0,0.00023661,sell
2024-01-01T11:39:27.857Z,BTC,USDT,OKX,466117708,42639.0,0.00023661,sell
2024-01-01T11:39:27.857Z,BTC,USDT,OKX,466117718,42639.0,0.00023661,sell
2024-01-01T11:39:28.222Z,BTC,USDT,OKX,466117727,42639.1,0.00599448,buy
2024-01-01T11:39:30.136Z,BTC,USDT,OKX,466117728,42639.1,0.0052,buy
2024-01-01T11:39:33.294Z,BTC,USDT,OKX,466117729,42639.0,9.28e-05,sell
2024-01-01T11:39:33.917Z,BTC,USDT,OKX,466117731,42638.5,0.00159529,buy
2024-01-01T11:39:33.917Z,BTC,USDT,OKX,466117730,42638.5,0.000259,buy
2024-01-01T11:39:34.080Z,BTC,USDT,OKX,466117732,42638.5,0.0044,buy
2024-01-01T11:39:34.335Z,BTC,USDT,OKX,466117733,42638.5,0.00116994,buy
2024-01-01T11:39:37.444Z,BTC,USDT,OKX,466117734,42638.5,0.00227189,buy
2024-01-01T11:39:40.634Z,BTC,USDT,OKX,466117735,42638.5,0.0371305,buy
2024-01-01T11:39:40.634Z,BTC,USDT,OKX,466117736,42638.5,0.17770177,buy
2024-01-01T11:39:43.703Z,BTC,USDT,OKX,466117737,42638.5,0.05942873,buy
2024-01-01T11:39:43.703Z,BTC,USDT,OKX,466117738,42638.5,0.08298269,buy
2024-01-01T11:39:43.895Z,BTC,USDT,OKX,466117739,42638.5,0.14814001,buy
2024-01-01T11:39:45.539Z,BTC,USDT,OKX,466117741,42637.8,0.00125774,sell
2024-01-01T11:39:45.539Z,BTC,USDT,OKX,466117740,42638.4,0.03766311,sell
2024-01-01T11:39:46.038Z,BTC,USDT,OKX,466117742,42637.9,0.00335102,buy
2024-01-01T11:39:47.756Z,BTC,USDT,OKX,466117743,42637.8,0.00034072,sell
2024-01-01T11:39:51.061Z,BTC,USDT,OKX,466117744,42637.9,0.0051,buy
2024-01-01T11:39:53.320Z,BTC,USDT,OKX,466117745,42637.8,0.01173342,sell
2024-01-01T11:39:56.225Z,BTC,USDT,OKX,466117746,42637.9,9.38e-06,buy
2024-01-01T11:39:56.515Z,BTC,USDT,OKX,466117747,42637.9,0.01744,buy
2024-01-01T11:39:58.543Z,BTC,USDT,OKX,466117748,42637.9,0.01744,buy
2024-01-01T11:39:59.568Z,BTC,USDT,OKX,466117749,42637.9,0.00027449,buy
2024-01-01T11:40:00.282Z,BTC,USDT,OKX,466117750,42637.9,0.12839348,buy
2024-01-01T11:40:00.437Z,BTC,USDT,OKX,466117751,42637.9,0.01744,buy
2024-01-01T11:40:02.172Z,BTC,USDT,OKX,466117752,42637.8,0.02,sell
2024-01-01T11:40:02.274Z,BTC,USDT,OKX,466117753,42637.9,0.00778527,buy
2024-01-01T11:40:02.768Z,BTC,USDT,OKX,466117754,42638.5,0.00471625,buy
2024-01-01T11:40:02.964Z,BTC,USDT,OKX,466117755,42638.4,0.00035453,sell
2024-01-01T11:40:03.059Z,BTC,USDT,OKX,466117756,42638.5,0.00839429,buy
2024-01-01T11:40:03.059Z,BTC,USDT,OKX,466117757,42638.5,0.00965473,buy
2024-01-01T11:40:05.102Z,BTC,USDT,OKX,466117758,42638.5,0.0171,buy
2024-01-01T11:40:05.246Z,BTC,USDT,OKX,466117761,42638.5,0.25432042,buy
2024-01-01T11:40:05.246Z,BTC,USDT,OKX,466117762,42638.6,0.00347072,buy
2024-01-01T11:40:05.246Z,BTC,USDT,OKX,466117763,42639.1,0.00198529,buy
2024-01-01T11:40:05.246Z,BTC,USDT,OKX,466117759,42638.5,0.08879176,buy
2024-01-01T11:40:05.246Z,BTC,USDT,OKX,466117760,42638.5,0.18142676,buy
2024-01-01T11:40:05.247Z,BTC,USDT,OKX,466117764,42639.2,0.00300176,buy
2024-01-01T11:40:05.247Z,BTC,USDT,OKX,466117765,42639.3,0.00304943,buy
2024-01-01T11:40:05.255Z,BTC,USDT,OKX,466117766,42639.4,0.00321282,buy
2024-01-01T11:40:05.291Z,BTC,USDT,OKX,466117767,42639.5,0.00269755,buy
2024-01-01T11:40:06.940Z,BTC,USDT,OKX,466117768,42645.1,0.00878534,buy
2024-01-01T11:40:07.659Z,BTC,USDT,OKX,466117769,42647.7,0.01257277,buy
2024-01-01T11:40:08.488Z,BTC,USDT,OKX,466117770,42648.0,0.01989738,buy
2024-01-01T11:40:08.494Z,BTC,USDT,OKX,466117772,42650.0,0.00035492,buy
2024-01-01T11:40:08.494Z,BTC,USDT,OKX,466117771,42650.0,0.00023661,buy
2024-01-01T11:40:08.622Z,BTC,USDT,OKX,466117773,42650.0,0.00213386,buy
2024-01-01T11:40:08.852Z,BTC,USDT,OKX,466117774,42650.0,0.00851592,buy
2024-01-01T11:40:15.474Z,BTC,USDT,OKX,466117775,42650.0,0.00046843,buy
2024-01-01T11:40:16.718Z,BTC,USDT,OKX,466117778,42649.9,0.00288394,sell
2024-01-01T11:40:16.718Z,BTC,USDT,OKX,466117784,42649.4,0.00159439,sell
2024-01-01T11:40:16.718Z,BTC,USDT,OKX,466117780,42649.8,0.00255569,sell
2024-01-01T11:40:16.718Z,BTC,USDT,OKX,466117777,42649.9,0.02315781,sell
2024-01-01T11:40:16.718Z,BTC,USDT,OKX,466117791,42649.1,0.00196956,sell
2024-01-01T11:40:16.718Z,BTC,USDT,OKX,466117789,42649.2,0.04609881,sell
2024-01-01T11:40:16.718Z,BTC,USDT,OKX,466117792,42649.0,0.00215714,sell
2024-01-01T11:40:16.718Z,BTC,USDT,OKX,466117787,42649.3,0.008,sell
2024-01-01T11:40:16.718Z,BTC,USDT,OKX,466117790,42649.2,0.0477401,sell
2024-01-01T11:40:16.718Z,BTC,USDT,OKX,466117776,42649.9,0.0145,sell
2024-01-01T11:40:16.718Z,BTC,USDT,OKX,466117781,42649.7,0.00297774,sell
2024-01-01T11:40:16.718Z,BTC,USDT,OKX,466117786,42649.3,0.008,sell
2024-01-01T11:40:16.718Z,BTC,USDT,OKX,466117788,42649.3,0.02589921,sell
2024-01-01T11:40:16.718Z,BTC,USDT,OKX,466117779,42649.9,0.0284661,sell
2024-01-01T11:40:16.718Z,BTC,USDT,OKX,466117782,42649.6,0.0033529,sell
2024-01-01T11:40:16.718Z,BTC,USDT,OKX,466117785,42649.3,0.00189921,sell
2024-01-01T11:40:16.718Z,BTC,USDT,OKX,466117783,42649.5,0.00342324,sell
2024-01-01T11:40:16.724Z,BTC,USDT,OKX,466117793,42648.9,0.00321227,sell
2024-01-01T11:40:16.744Z,BTC,USDT,OKX,466117794,42648.9,0.00160614,buy
2024-01-01T11:40:16.744Z,BTC,USDT,OKX,466117795,42648.9,0.00228,buy
2024-01-01T11:40:16.756Z,BTC,USDT,OKX,466117797,42648.7,0.00281368,sell
2024-01-01T11:40:16.756Z,BTC,USDT,OKX,466117796,42648.8,0.00269644,sell
2024-01-01T11:40:16.818Z,BTC,USDT,OKX,466117798,42645.3,0.01177003,buy
2024-01-01T11:40:17.040Z,BTC,USDT,OKX,466117799,42645.3,0.00220748,buy
2024-01-01T11:40:17.207Z,BTC,USDT,OKX,466117800,42645.2,0.00234493,sell
2024-01-01T11:40:18.853Z,BTC,USDT,OKX,466117801,42645.3,0.01013429,buy
2024-01-01T11:40:22.866Z,BTC,USDT,OKX,466117802,42645.3,0.0038582,buy
2024-01-01T11:40:26.430Z,BTC,USDT,OKX,466117803,42645.2,0.03765348,sell
2024-01-01T11:40:26.432Z,BTC,USDT,OKX,466117804,42643.8,0.0351751,sell
2024-01-01T11:40:26.484Z,BTC,USDT,OKX,466117805,42639.5,0.00166152,sell
2024-01-01T11:40:26.574Z,BTC,USDT,OKX,466117806,42639.1,0.00246253,sell
2024-01-01T11:40:26.574Z,BTC,USDT,OKX,466117807,42637.9,0.0011725,sell
2024-01-01T11:40:27.891Z,BTC,USDT,OKX,466117809,42636.2,0.01181,buy
2024-01-01T11:40:27.891Z,BTC,USDT,OKX,466117808,42636.2,0.00181752,buy
2024-01-01T11:40:27.903Z,BTC,USDT,OKX,466117810,42636.2,0.01831199,buy
2024-01-01T11:40:29.854Z,BTC,USDT,OKX,466117811,42636.1,0.00041015,sell
2024-01-01T11:40:29.932Z,BTC,USDT,OKX,466117812,42636.2,0.01744,buy
2024-01-01T11:40:29.940Z,BTC,USDT,OKX,466117813,42636.1,0.009902,sell
2024-01-01T11:40:30.890Z,BTC,USDT,OKX,466117814,42636.1,0.0008634,sell
2024-01-01T11:40:30.995Z,BTC,USDT,OKX,466117815,42636.1,0.00190411,sell
2024-01-01T11:40:31.015Z,BTC,USDT,OKX,466117816,42636.1,0.01229011,sell
2024-01-01T11:40:31.025Z,BTC,USDT,OKX,466117817,42636.1,0.01228786,sell
2024-01-01T11:40:31.414Z,BTC,USDT,OKX,466117818,42633.8,0.0023389,buy
2024-01-01T11:40:31.659Z,BTC,USDT,OKX,466117819,42633.7,0.01059908,sell
2024-01-01T11:40:31.774Z,BTC,USDT,OKX,466117820,42633.7,0.01755885,sell
2024-01-01T11:40:31.774Z,BTC,USDT,OKX,466117821,42633.7,0.0263,sell
2024-01-01T11:40:32.885Z,BTC,USDT,OKX,466117823,42633.7,0.09929139,sell
2024-01-01T11:40:32.885Z,BTC,USDT,OKX,466117822,42633.7,0.02892452,sell
2024-01-01T11:40:33.068Z,BTC,USDT,OKX,466117824,42626.2,0.1247057,buy
2024-01-01T11:40:33.420Z,BTC,USDT,OKX,466117825,42626.2,0.00478703,buy
2024-01-01T11:40:35.419Z,BTC,USDT,OKX,466117832,42626.2,0.0234965,buy
2024-01-01T11:40:35.419Z,BTC,USDT,OKX,466117828,42626.2,0.00022187,buy
2024-01-01T11:40:35.419Z,BTC,USDT,OKX,466117835,42626.2,0.25098152,buy
2024-01-01T11:40:35.419Z,BTC,USDT,OKX,466117830,42626.2,0.00015972,buy
2024-01-01T11:40:35.419Z,BTC,USDT,OKX,466117826,42626.2,0.025,buy
2024-01-01T11:40:35.419Z,BTC,USDT,OKX,466117834,42626.2,8.777e-05,buy
2024-01-01T11:40:35.419Z,BTC,USDT,OKX,466117833,42626.2,0.09621956,buy
2024-01-01T11:40:35.419Z,BTC,USDT,OKX,466117831,42626.2,4.322e-05,buy
2024-01-01T11:40:35.419Z,BTC,USDT,OKX,466117827,42626.2,0.00030502,buy
2024-01-01T11:40:35.419Z,BTC,USDT,OKX,466117829,42626.2,0.00014184,buy
2024-01-01T11:40:36.324Z,BTC,USDT,OKX,466117836,42626.2,0.00026222,buy
2024-01-01T11:40:36.612Z,BTC,USDT,OKX,466117837,42626.2,0.00121,buy
2024-01-01T11:40:37.420Z,BTC,USDT,OKX,466117838,42626.2,0.00854151,buy
2024-01-01T11:40:37.707Z,BTC,USDT,OKX,466117840,42626.1,0.23564957,sell
2024-01-01T11:40:37.707Z,BTC,USDT,OKX,466117839,42626.1,0.03766779,sell
2024-01-01T11:40:37.707Z,BTC,USDT,OKX,466117842,42626.1,0.355,sell
2024-01-01T11:40:37.707Z,BTC,USDT,OKX,466117841,42626.1,0.05284957,sell
2024-01-01T11:40:38.495Z,BTC,USDT,OKX,466117843,42626.2,0.01744,buy
2024-01-01T11:40:39.306Z,BTC,USDT,OKX,466117844,42626.1,0.00187,sell
2024-01-01T11:40:39.420Z,BTC,USDT,OKX,466117845,42626.2,0.0026072,buy
2024-01-01T11:40:40.531Z,BTC,USDT,OKX,466117846,42626.2,0.01459,buy
2024-01-01T11:40:41.009Z,BTC,USDT,OKX,466117847,42626.2,0.03578066,buy
2024-01-01T11:40:41.423Z,BTC,USDT,OKX,466117848,42626.2,0.11579717,buy
2024-01-01T11:40:42.885Z,BTC,USDT,OKX,466117849,42626.1,0.31589868,sell
2024-01-01T11:40:42.885Z,BTC,USDT,OKX,466117853,42624.2,0.02748879,sell
2024-01-01T11:40:42.885Z,BTC,USDT,OKX,466117851,42626.1,0.5356219,sell
2024-01-01T11:40:42.885Z,BTC,USDT,OKX,466117852,42625.0,0.52674383,sell
2024-01-01T11:40:42.885Z,BTC,USDT,OKX,466117850,42626.1,0.18204871,sell
2024-01-01T11:40:43.425Z,BTC,USDT,OKX,466117854,42624.0,0.025,buy
2024-01-01T11:40:43.425Z,BTC,USDT,OKX,466117855,42624.0,0.18988836,buy
2024-01-01T11:40:45.426Z,BTC,USDT,OKX,466117856,42624.0,0.00664571,buy
2024-01-01T11:40:47.428Z,BTC,USDT,OKX,466117859,42624.0,0.00591709,buy
2024-01-01T11:40:47.428Z,BTC,USDT,OKX,466117857,42624.0,0.17896943,buy
2024-01-01T11:40:47.428Z,BTC,USDT,OKX,466117858,42624.0,0.226,buy
2024-01-01T11:40:47.428Z,BTC,USDT,OKX,466117860,42624.0,0.65863037,buy
2024-01-01T11:40:49.430Z,BTC,USDT,OKX,466117861,42624.0,0.00436132,buy
2024-01-01T11:40:50.944Z,BTC,USDT,OKX,466117862,42624.0,0.00046781,buy
2024-01-01T11:40:50.944Z,BTC,USDT,OKX,466117864,42624.0,2.416e-05,buy
2024-01-01T11:40:50.944Z,BTC,USDT,OKX,466117866,42624.0,3.116e-05,buy
2024-01-01T11:40:50.944Z,BTC,USDT,OKX,466117865,42624.0,2.561e-05,buy
2024-01-01T11:40:50.944Z,BTC,USDT,OKX,466117863,42624.0,1.067e-05,buy
2024-01-01T11:40:50.944Z,BTC,USDT,OKX,466117869,42624.0,0.00063423,buy
2024-01-01T11:40:50.944Z,BTC,USDT,OKX,466117867,42624.0,2.718e-05,buy
2024-01-01T11:40:50.944Z,BTC,USDT,OKX,466117868,42624.0,2.525e-05,buy
2024-01-01T11:40:51.095Z,BTC,USDT,OKX,466117871,42624.6,0.01172987,buy
2024-01-01T11:40:51.095Z,BTC,USDT,OKX,466117870,42624.6,0.008,buy
2024-01-01T11:40:51.432Z,BTC,USDT,OKX,466117872,42624.6,0.00427013,buy
2024-01-01T11:40:51.432Z,BTC,USDT,OKX,466117873,42624.6,0.04568941,buy
2024-01-01T11:40:53.432Z,BTC,USDT,OKX,466117874,42624.6,0.02906374,buy
2024-01-01T11:40:54.757Z,BTC,USDT,OKX,466117875,42624.6,0.01948202,buy
2024-01-01T11:40:55.249Z,BTC,USDT,OKX,466117876,42627.9,0.0071432,buy
2024-01-01T11:40:55.437Z,BTC,USDT,OKX,466117877,42627.9,0.00451462,buy
2024-01-01T11:40:56.755Z,BTC,USDT,OKX,466117878,42627.8,0.00023729,sell
2024-01-01T11:40:57.193Z,BTC,USDT,OKX,466117879,42627.8,0.03767592,sell
2024-01-01T11:40:57.489Z,BTC,USDT,OKX,466117881,42626.1,0.08669598,buy
2024-01-01T11:40:57.489Z,BTC,USDT,OKX,466117882,42626.1,0.2887026,buy
2024-01-01T11:40:57.489Z,BTC,USDT,OKX,466117880,42626.1,0.08373466,buy
2024-01-01T11:41:03.456Z,BTC,USDT,OKX,466117883,42627.4,0.00035893,sell
2024-01-01T11:41:04.038Z,BTC,USDT,OKX,466117884,42627.5,0.01242859,buy
2024-01-01T11:41:04.052Z,BTC,USDT,OKX,466117885,42627.4,0.00382468,sell
2024-01-01T11:41:09.257Z,BTC,USDT,OKX,466117886,42627.5,0.01172951,buy
2024-01-01T11:41:15.983Z,BTC,USDT,OKX,466117887,42627.4,0.00027819,sell
2024-01-01T11:41:18.436Z,BTC,USDT,OKX,466117888,42627.5,0.00017439,buy
2024-01-01T11:41:19.232Z,BTC,USDT,OKX,466117889,42627.4,0.03739641,sell
2024-01-01T11:41:19.232Z,BTC,USDT,OKX,466117890,42627.4,0.04014112,sell
2024-01-01T11:41:19.248Z,BTC,USDT,OKX,466117891,42627.3,0.00190019,sell
2024-01-01T11:41:19.248Z,BTC,USDT,OKX,466117893,42627.1,0.00307316,sell
2024-01-01T11:41:19.248Z,BTC,USDT,OKX,466117892,42627.2,0.00173598,sell
2024-01-01T11:41:19.248Z,BTC,USDT,OKX,466117894,42627.0,0.00234593,sell
2024-01-01T11:41:19.252Z,BTC,USDT,OKX,466117900,42626.7,0.00220519,sell
2024-01-01T11:41:19.252Z,BTC,USDT,OKX,466117896,42626.8,0.00316701,sell
2024-01-01T11:41:19.252Z,BTC,USDT,OKX,466117895,42626.9,0.00220518,sell
2024-01-01T11:41:19.252Z,BTC,USDT,OKX,466117897,42626.8,0.008,sell
2024-01-01T11:41:19.252Z,BTC,USDT,OKX,466117899,42626.8,0.02716701,sell
2024-01-01T11:41:19.252Z,BTC,USDT,OKX,466117898,42626.8,0.008,sell
2024-01-01T11:41:19.254Z,BTC,USDT,OKX,466117902,42626.5,0.00297936,sell
2024-01-01T11:41:19.254Z,BTC,USDT,OKX,466117904,42626.3,0.00199407,sell
2024-01-01T11:41:19.254Z,BTC,USDT,OKX,466117901,42626.6,0.00199406,sell
2024-01-01T11:41:19.254Z,BTC,USDT,OKX,466117905,42626.2,0.00321398,sell
2024-01-01T11:41:19.254Z,BTC,USDT,OKX,466117903,42626.4,0.00340164,sell
2024-01-01T11:41:20.235Z,BTC,USDT,OKX,466117906,42624.6,0.002411,sell
2024-01-01T11:41:20.503Z,BTC,USDT,OKX,466117907,42624.7,0.04494613,buy
2024-01-01T11:41:22.704Z,BTC,USDT,OKX,466117908,42624.7,0.0051,buy
2024-01-01T11:41:26.536Z,BTC,USDT,OKX,466117909,42624.7,0.00436132,buy
2024-01-01T11:41:28.834Z,BTC,USDT,OKX,466117910,42624.7,0.01206304,buy
2024-01-01T11:41:29.468Z,BTC,USDT,OKX,466117911,42624.6,0.0002556,sell
2024-01-01T11:41:29.697Z,BTC,USDT,OKX,466117912,42624.7,0.00472832,buy
2024-01-01T11:41:30.446Z,BTC,USDT,OKX,466117913,42624.7,0.00820864,buy
2024-01-01T11:41:30.446Z,BTC,USDT,OKX,466117914,42624.7,0.10006,buy
2024-01-01T11:41:31.698Z,BTC,USDT,OKX,466117915,42624.7,0.00815866,buy
2024-01-01T11:41:32.583Z,BTC,USDT,OKX,466117916,42624.7,0.02766348,buy
2024-01-01T11:41:33.513Z,BTC,USDT,OKX,466117917,42624.7,0.0107,buy
2024-01-01T11:41:34.780Z,BTC,USDT,OKX,466117918,42624.7,0.01050266,buy
2024-01-01T11:41:35.516Z,BTC,USDT,OKX,466117919,42624.7,0.00497,buy
2024-01-01T11:41:36.539Z,BTC,USDT,OKX,466117920,42624.7,0.00929999,buy
2024-01-01T11:41:39.492Z,BTC,USDT,OKX,466117921,42624.7,0.00026081,buy
2024-01-01T11:41:43.003Z,BTC,USDT,OKX,466117922,42624.7,0.0009,buy
2024-01-01T11:41:43.249Z,BTC,USDT,OKX,466117926,42624.6,0.07400337,sell
2024-01-01T11:41:43.249Z,BTC,USDT,OKX,466117924,42624.6,0.03767336,sell
2024-01-01T11:41:43.249Z,BTC,USDT,OKX,466117923,42624.6,0.0073334,sell
2024-01-01T11:41:43.249Z,BTC,USDT,OKX,466117925,42624.6,0.00095859,sell
2024-01-01T11:41:45.383Z,BTC,USDT,OKX,466117927,42623.9,0.02314289,sell
2024-01-01T11:41:45.383Z,BTC,USDT,OKX,466117928,42623.9,0.06081872,sell
2024-01-01T11:41:46.369Z,BTC,USDT,OKX,466117929,42620.4,0.0017,buy
2024-01-01T11:41:49.688Z,BTC,USDT,OKX,466117930,42620.4,0.0394915,buy
2024-01-01T11:41:49.694Z,BTC,USDT,OKX,466117931,42620.4,0.02268261,buy
2024-01-01T11:41:50.989Z,BTC,USDT,OKX,466117932,42621.0,0.008,buy
2024-01-01T11:41:50.989Z,BTC,USDT,OKX,466117934,42621.0,0.01876846,buy
2024-01-01T11:41:50.989Z,BTC,USDT,OKX,466117933,42621.0,0.008,buy
2024-01-01T11:41:56.049Z,BTC,USDT,OKX,466117936,42620.9,0.00063465,sell
2024-01-01T11:41:56.049Z,BTC,USDT,OKX,466117939,42620.3,0.03143265,sell
2024-01-01T11:41:56.049Z,BTC,USDT,OKX,466117940,42620.0,1.683e-05,sell
2024-01-01T11:41:56.049Z,BTC,USDT,OKX,466117941,42620.0,1.40508165,sell
2024-01-01T11:41:56.049Z,BTC,USDT,OKX,466117938,42620.3,0.02343265,sell
2024-01-01T11:41:56.049Z,BTC,USDT,OKX,466117935,42620.9,0.03767963,sell
2024-01-01T11:41:56.049Z,BTC,USDT,OKX,466117937,42620.9,0.05002215,sell
2024-01-01T11:41:56.052Z,BTC,USDT,OKX,466117943,42618.3,1.067e-05,sell
2024-01-01T11:41:56.052Z,BTC,USDT,OKX,466117942,42618.5,0.0283821,sell
2024-01-01T11:41:56.061Z,BTC,USDT,OKX,466117947,42615.2,1.937e-05,sell
2024-01-01T11:41:56.061Z,BTC,USDT,OKX,466117946,42615.3,0.00037572,sell
2024-01-01T11:41:56.061Z,BTC,USDT,OKX,466117949,42614.8,0.00956214,sell
2024-01-01T11:41:56.061Z,BTC,USDT,OKX,466117948,42615.2,4.359e-05,sell
2024-01-01T11:41:56.061Z,BTC,USDT,OKX,466117945,42616.5,1.855e-05,sell
2024-01-01T11:41:56.061Z,BTC,USDT,OKX,466117944,42616.6,0.01,sell
2024-01-01T11:41:56.184Z,BTC,USDT,OKX,466117950,42614.2,0.01760869,sell
2024-01-01T11:41:56.184Z,BTC,USDT,OKX,466117951,42614.2,0.02346046,sell
2024-01-01T11:41:56.323Z,BTC,USDT,OKX,466117952,42614.2,0.03182733,sell
2024-01-01T11:41:57.117Z,BTC,USDT,OKX,466117953,42613.0,0.02,sell
2024-01-01T11:41:57.117Z,BTC,USDT,OKX,466117954,42613.0,0.0576,sell
2024-01-01T11:41:57.120Z,BTC,USDT,OKX,466117956,42612.1,0.00827956,sell
2024-01-01T11:41:57.120Z,BTC,USDT,OKX,466117955,42613.0,7.91e-05,sell
2024-01-01T11:41:57.120Z,BTC,USDT,OKX,466117958,42612.1,0.00764331,sell
2024-01-01T11:41:57.120Z,BTC,USDT,OKX,466117957,42612.1,0.00745788,sell
2024-01-01T11:41:57.120Z,BTC,USDT,OKX,466117959,42612.1,0.0244209,sell
2024-01-01T11:41:57.123Z,BTC,USDT,OKX,466117962,42611.0,0.00041066,sell
2024-01-01T11:41:57.123Z,BTC,USDT,OKX,466117961,42611.6,7.828e-05,sell
2024-01-01T11:41:57.123Z,BTC,USDT,OKX,466117960,42612.1,9.789e-05,sell
2024-01-01T11:41:57.123Z,BTC,USDT,OKX,466117963,42610.0,0.0185472,sell
2024-01-01T11:41:57.178Z,BTC,USDT,OKX,466117964,42609.3,0.0121861,buy
2024-01-01T11:41:58.589Z,BTC,USDT,OKX,466117965,42609.2,0.04589859,sell
2024-01-01T11:41:59.439Z,BTC,USDT,OKX,466117966,42609.3,0.01,buy
2024-01-01T11:41:59.971Z,BTC,USDT,OKX,466117970,42609.2,0.615,sell
2024-01-01T11:41:59.971Z,BTC,USDT,OKX,466117967,42609.2,0.29884615,sell
2024-01-01T11:41:59.971Z,BTC,USDT,OKX,466117969,42609.2,0.03768609,sell
2024-01-01T11:41:59.971Z,BTC,USDT,OKX,466117968,42609.2,0.2,sell
2024-01-01T11:42:00.234Z,BTC,USDT,OKX,466117971,42609.2,0.000222,sell
2024-01-01T11:42:00.744Z,BTC,USDT,OKX,466117972,42609.3,0.00704071,buy
2024-01-01T11:42:01.074Z,BTC,USDT,OKX,466117973,42609.3,0.01111443,buy
2024-01-01T11:42:01.543Z,BTC,USDT,OKX,466117974,42609.2,0.02,sell
2024-01-01T11:42:02.619Z,BTC,USDT,OKX,466117975,42609.2,0.0031,sell
2024-01-01T11:42:02.795Z,BTC,USDT,OKX,466117976,42609.3,0.00319648,buy
2024-01-01T11:42:03.889Z,BTC,USDT,OKX,466117977,42609.3,0.00214917,buy
2024-01-01T11:42:05.745Z,BTC,USDT,OKX,466117978,42609.3,0.11047961,buy
2024-01-01T11:42:05.745Z,BTC,USDT,OKX,466117980,42609.3,0.20218225,buy
2024-01-01T11:42:05.745Z,BTC,USDT,OKX,466117979,42609.3,0.16344953,buy
2024-01-01T11:42:05.746Z,BTC,USDT,OKX,466117981,42609.3,0.01523802,buy
2024-01-01T11:42:05.747Z,BTC,USDT,OKX,466117982,42609.9,0.008,buy
2024-01-01T11:42:05.942Z,BTC,USDT,OKX,466117983,42616.0,0.0006,buy
2024-01-01T11:42:07.184Z,BTC,USDT,OKX,466117984,42615.9,0.01062198,sell
2024-01-01T11:42:12.772Z,BTC,USDT,OKX,466117985,42615.9,0.02706747,sell
2024-01-01T11:42:12.772Z,BTC,USDT,OKX,466117986,42615.9,0.0365444,sell
2024-01-01T11:42:13.442Z,BTC,USDT,OKX,466117987,42616.0,0.0040522,buy
2024-01-01T11:42:15.444Z,BTC,USDT,OKX,466117988,42616.0,0.00980454,buy
2024-01-01T11:42:15.709Z,BTC,USDT,OKX,466117989,42615.9,0.0022,sell
2024-01-01T11:42:16.463Z,BTC,USDT,OKX,466117990,42615.9,0.00235442,sell
2024-01-01T11:42:16.463Z,BTC,USDT,OKX,466117992,42615.9,0.03380561,sell
2024-01-01T11:42:16.463Z,BTC,USDT,OKX,466117991,42615.9,0.00246386,sell
2024-01-01T11:42:16.548Z,BTC,USDT,OKX,466117997,42615.4,0.00248736,sell
2024-01-01T11:42:16.548Z,BTC,USDT,OKX,466117998,42615.3,0.00049872,sell
2024-01-01T11:42:16.548Z,BTC,USDT,OKX,466117993,42615.8,0.00337902,sell
2024-01-01T11:42:16.548Z,BTC,USDT,OKX,466117996,42615.5,0.00281587,sell
2024-01-01T11:42:16.548Z,BTC,USDT,OKX,466117995,42615.6,0.00246388,sell
2024-01-01T11:42:16.548Z,BTC,USDT,OKX,466117994,42615.7,0.00305051,sell
2024-01-01T11:42:16.552Z,BTC,USDT,OKX,466118002,42615.1,2.758e-05,sell
2024-01-01T11:42:16.552Z,BTC,USDT,OKX,466118000,42615.3,0.01048142,sell
2024-01-01T11:42:16.552Z,BTC,USDT,OKX,466117999,42615.3,0.00248142,sell
2024-01-01T11:42:16.552Z,BTC,USDT,OKX,466118001,42615.2,0.00204152,sell
2024-01-01T11:42:17.445Z,BTC,USDT,OKX,466118003,42615.2,0.07070041,buy
2024-01-01T11:42:17.729Z,BTC,USDT,OKX,466118004,42615.2,0.02339999,buy
2024-01-01T11:42:18.650Z,BTC,USDT,OKX,466118005,42615.2,0.01744,buy
2024-01-01T11:42:18.963Z,BTC,USDT,OKX,466118014,42614.5,0.01839355,sell
2024-01-01T11:42:18.963Z,BTC,USDT,OKX,466118019,42614.0,0.00248744,sell
2024-01-01T11:42:18.963Z,BTC,USDT,OKX,466118015,42614.4,0.00309754,sell
2024-01-01T11:42:18.963Z,BTC,USDT,OKX,466118017,42614.2,0.00168957,sell
2024-01-01T11:42:18.963Z,BTC,USDT,OKX,466118016,42614.3,0.0018773,sell
2024-01-01T11:42:18.963Z,BTC,USDT,OKX,466118007,42615.0,0.00274551,sell
2024-01-01T11:42:18.963Z,BTC,USDT,OKX,466118013,42614.5,0.008,sell
2024-01-01T11:42:18.963Z,BTC,USDT,OKX,466118018,42614.1,0.00307409,sell
2024-01-01T11:42:18.963Z,BTC,USDT,OKX,466118012,42614.5,0.00239355,sell
2024-01-01T11:42:18.963Z,BTC,USDT,OKX,466118009,42614.8,0.00295671,sell
2024-01-01T11:42:18.963Z,BTC,USDT,OKX,466118006,42615.1,0.00170889,sell
2024-01-01T11:42:18.963Z,BTC,USDT,OKX,466118011,42614.6,0.00295673,sell
2024-01-01T11:42:18.963Z,BTC,USDT,OKX,466118020,42613.9,0.00248745,sell
2024-01-01T11:42:18.963Z,BTC,USDT,OKX,466118010,42614.7,0.00157222,sell
2024-01-01T11:42:18.963Z,BTC,USDT,OKX,466118008,42614.9,0.00335563,sell
2024-01-01T11:42:21.066Z,BTC,USDT,OKX,466118021,42610.6,0.01744,buy
2024-01-01T11:42:23.431Z,BTC,USDT,OKX,466118022,42610.6,0.00396,buy
2024-01-01T11:42:23.487Z,BTC,USDT,OKX,466118023,42610.6,0.01459,buy
2024-01-01T11:42:25.521Z,BTC,USDT,OKX,466118024,42609.3,0.01526,buy
2024-01-01T11:42:25.909Z,BTC,USDT,OKX,466118025,42609.3,0.00195221,buy
2024-01-01T11:42:26.857Z,BTC,USDT,OKX,466118026,42609.2,0.02602628,sell
2024-01-01T11:42:26.885Z,BTC,USDT,OKX,466118027,42609.0,6.135e-05,sell
2024-01-01T11:42:26.891Z,BTC,USDT,OKX,466118028,42609.0,1e-08,sell
2024-01-01T11:42:26.905Z,BTC,USDT,OKX,466118031,42608.6,3.567e-05,sell
2024-01-01T11:42:26.905Z,BTC,USDT,OKX,466118029,42608.6,1.551e-05,sell
2024-01-01T11:42:26.905Z,BTC,USDT,OKX,466118030,42608.6,1.008e-05,sell
2024-01-01T11:42:26.910Z,BTC,USDT,OKX,466118032,42607.7,2.042e-05,sell
2024-01-01T11:42:27.271Z,BTC,USDT,OKX,466118033,42607.6,1.11e-05,sell
2024-01-01T11:42:27.908Z,BTC,USDT,OKX,466118034,42607.2,0.00241743,buy
2024-01-01T11:42:28.076Z,BTC,USDT,OKX,466118035,42607.2,0.00086332,buy
2024-01-01T11:42:30.063Z,BTC,USDT,OKX,466118039,42607.1,0.00041398,sell
2024-01-01T11:42:30.063Z,BTC,USDT,OKX,466118042,42607.1,0.0272474,sell
2024-01-01T11:42:30.063Z,BTC,USDT,OKX,466118040,42607.1,0.00220806,sell
2024-01-01T11:42:30.063Z,BTC,USDT,OKX,466118044,42606.8,1.032e-05,sell
2024-01-01T11:42:30.063Z,BTC,USDT,OKX,466118041,42607.1,1.044e-05,sell
2024-01-01T11:42:30.063Z,BTC,USDT,OKX,466118038,42607.1,0.00041779,sell
2024-01-01T11:42:30.063Z,BTC,USDT,OKX,466118036,42607.1,0.00033673,sell
2024-01-01T11:42:30.063Z,BTC,USDT,OKX,466118043,42607.0,9.195e-05,sell
2024-01-01T11:42:30.063Z,BTC,USDT,OKX,466118037,42607.1,0.00036697,sell
2024-01-01T11:42:30.643Z,BTC,USDT,OKX,466118045,42605.6,0.02440747,buy
2024-01-01T11:42:31.107Z,BTC,USDT,OKX,466118050,42604.6,0.00017056,sell
2024-01-01T11:42:31.107Z,BTC,USDT,OKX,466118047,42605.2,0.00296485,sell
2024-01-01T11:42:31.107Z,BTC,USDT,OKX,466118048,42605.2,0.00312915,sell
2024-01-01T11:42:31.107Z,BTC,USDT,OKX,466118051,42604.6,0.0003036,sell
2024-01-01T11:42:31.107Z,BTC,USDT,OKX,466118052,42604.5,1.614e-05,sell
2024-01-01T11:42:31.107Z,BTC,USDT,OKX,466118046,42605.5,2.148e-05,sell
2024-01-01T11:42:31.107Z,BTC,USDT,OKX,466118054,42602.2,0.00100642,sell
2024-01-01T11:42:31.107Z,BTC,USDT,OKX,466118053,42604.1,1.065e-05,sell
2024-01-01T11:42:31.107Z,BTC,USDT,OKX,466118049,42604.7,0.0001097,sell
2024-01-01T11:42:31.245Z,BTC,USDT,OKX,466118055,42602.3,0.00717719,buy
2024-01-01T11:42:31.246Z,BTC,USDT,OKX,466118056,42602.3,0.00375177,buy
2024-01-01T11:42:33.041Z,BTC,USDT,OKX,466118057,42602.3,0.00445938,buy
2024-01-01T11:42:33.469Z,BTC,USDT,OKX,466118059,42602.2,0.02,sell
2024-01-01T11:42:33.469Z,BTC,USDT,OKX,466118058,42602.2,0.00899358,sell
2024-01-01T11:42:33.872Z,BTC,USDT,OKX,466118060,42602.2,0.11665638,sell
2024-01-01T11:42:34.933Z,BTC,USDT,OKX,466118061,42602.3,0.0014308,buy
2024-01-01T11:42:38.902Z,BTC,USDT,OKX,466118062,42602.3,0.00392639,buy
2024-01-01T11:42:40.354Z,BTC,USDT,OKX,466118064,42602.3,0.08618314,buy
2024-01-01T11:42:40.354Z,BTC,USDT,OKX,466118063,42602.3,0.02107361,buy
2024-01-01T11:42:40.613Z,BTC,USDT,OKX,466118065,42602.3,0.2053435,buy
2024-01-01T11:42:40.613Z,BTC,USDT,OKX,466118066,42602.3,0.328679,buy
2024-01-01T11:42:40.678Z,BTC,USDT,OKX,466118068,42602.9,0.016,buy
2024-01-01T11:42:40.678Z,BTC,USDT,OKX,466118067,42602.9,0.008,buy
2024-01-01T11:42:43.933Z,BTC,USDT,OKX,466118069,42607.7,0.02899665,sell
2024-01-01T11:42:43.956Z,BTC,USDT,OKX,466118070,42606.1,0.01065755,buy
2024-01-01T11:42:45.956Z,BTC,USDT,OKX,466118071,42606.1,0.02537571,buy
2024-01-01T11:42:46.751Z,BTC,USDT,OKX,466118072,42606.1,0.01787068,buy
2024-01-01T11:42:48.199Z,BTC,USDT,OKX,466118073,42606.0,0.0289929,sell
2024-01-01T11:42:49.183Z,BTC,USDT,OKX,466118074,42602.4,0.01008,buy
2024-01-01T11:42:51.855Z,BTC,USDT,OKX,466118075,42602.4,0.00217267,buy
2024-01-01T11:42:52.170Z,BTC,USDT,OKX,466118076,42602.4,0.00467155,buy
2024-01-01T11:42:54.103Z,BTC,USDT,OKX,466118077,42602.3,0.02899406,sell
2024-01-01T11:42:54.103Z,BTC,USDT,OKX,466118079,42602.0,0.00286688,sell
2024-01-01T11:42:54.103Z,BTC,USDT,OKX,466118078,42602.2,0.02820314,sell
2024-01-01T11:42:55.044Z,BTC,USDT,OKX,466118080,42602.1,0.00469417,buy
2024-01-01T11:42:55.146Z,BTC,USDT,OKX,466118081,42602.1,0.02347285,buy
2024-01-01T11:42:56.284Z,BTC,USDT,OKX,466118083,42602.1,0.00098046,buy
2024-01-01T11:42:56.284Z,BTC,USDT,OKX,466118082,42602.1,8.583e-05,buy
2024-01-01T11:42:56.310Z,BTC,USDT,OKX,466118084,42602.1,0.00855087,buy
2024-01-01T11:42:57.069Z,BTC,USDT,OKX,466118085,42602.1,0.00037739,buy
2024-01-01T11:42:58.510Z,BTC,USDT,OKX,466118088,42602.7,0.008,buy
2024-01-01T11:42:58.510Z,BTC,USDT,OKX,466118087,42602.1,0.37303294,buy
2024-01-01T11:42:58.510Z,BTC,USDT,OKX,466118090,42602.7,0.024,buy
2024-01-01T11:42:58.510Z,BTC,USDT,OKX,466118086,42602.1,0.10260922,buy
2024-01-01T11:42:58.510Z,BTC,USDT,OKX,466118089,42602.7,0.008,buy
2024-01-01T11:42:58.566Z,BTC,USDT,OKX,466118091,42607.9,0.01150395,buy
2024-01-01T11:42:58.634Z,BTC,USDT,OKX,466118092,42607.9,0.00405297,buy
2024-01-01T11:43:02.394Z,BTC,USDT,OKX,466118095,42607.9,0.3962469,buy
2024-01-01T11:43:02.394Z,BTC,USDT,OKX,466118093,42607.9,0.04713304,buy
2024-01-01T11:43:02.394Z,BTC,USDT,OKX,466118094,42607.9,0.27041118,buy
2024-01-01T11:43:04.396Z,BTC,USDT,OKX,466118096,42609.1,0.0031,buy
2024-01-01T11:43:05.638Z,BTC,USDT,OKX,466118097,42609.0,3.88e-05,sell
2024-01-01T11:43:06.083Z,BTC,USDT,OKX,466118098,42609.0,0.00014,sell
2024-01-01T11:43:06.124Z,BTC,USDT,OKX,466118099,42609.1,0.01744,buy
2024-01-01T11:43:06.313Z,BTC,USDT,OKX,466118100,42609.1,0.0026,buy
2024-01-01T11:43:07.442Z,BTC,USDT,OKX,466118101,42609.1,0.01116645,buy
2024-01-01T11:43:11Z,BTC,USDT,OKX,466118102,42609.1,0.00407659,buy
