timestamp,symbol,base,market_venue,id,price,volume,side
2024-01-01T11:30:00Z,BTC,USDT,BINANCE,3345190400,42681.11,0.00232,buy
2024-01-01T11:30:00.001Z,BTC,USDT,BINANCE,3345190401,42681.1,0.00192,sell
2024-01-01T11:30:00.002Z,BTC,USDT,BINANCE,3345190402,42681.11,0.0017,buy
2024-01-01T11:30:00.004Z,BTC,USDT,BINANCE,3345190406,42681.1,0.0015,sell
2024-01-01T11:30:00.004Z,BTC,USDT,BINANCE,3345190403,42681.1,0.00081,sell
2024-01-01T11:30:00.004Z,BTC,USDT,BINANCE,3345190407,42681.11,0.00244,buy
2024-01-01T11:30:00.004Z,BTC,USDT,BINANCE,3345190405,42681.1,0.00127,sell
2024-01-01T11:30:00.004Z,BTC,USDT,BINANCE,3345190404,42681.1,0.00025,sell
2024-01-01T11:30:00.007Z,BTC,USDT,BINANCE,3345190408,42681.1,0.00048,sell
2024-01-01T11:30:00.007Z,BTC,USDT,BINANCE,3345190409,42681.11,0.00118,buy
2024-01-01T11:30:00.008Z,BTC,USDT,BINANCE,3345190410,42681.1,0.00069,sell
2024-01-01T11:30:00.008Z,BTC,USDT,BINANCE,3345190411,42681.11,0.00249,buy
2024-01-01T11:30:00.009Z,BTC,USDT,BINANCE,3345190412,42681.11,0.00086,buy
2024-01-01T11:30:00.010Z,BTC,USDT,BINANCE,3345190413,42681.1,0.00242,sell
2024-01-01T11:30:00.010Z,BTC,USDT,BINANCE,3345190414,42681.11,0.00028,buy
2024-01-01T11:30:00.011Z,BTC,USDT,BINANCE,3345190415,42681.11,0.00262,buy
2024-01-01T11:30:00.012Z,BTC,USDT,BINANCE,3345190416,42681.11,0.00171,buy
2024-01-01T11:30:00.013Z,BTC,USDT,BINANCE,3345190417,42681.1,0.00158,sell
2024-01-01T11:30:00.014Z,BTC,USDT,BINANCE,3345190418,42681.1,0.00143,sell
2024-01-01T11:30:00.019Z,BTC,USDT,BINANCE,3345190419,42681.1,0.00044,sell
2024-01-01T11:30:00.020Z,BTC,USDT,BINANCE,3345190420,42681.1,0.00087,sell
2024-01-01T11:30:00.029Z,BTC,USDT,BINANCE,3345190421,42681.11,0.00045,buy
2024-01-01T11:30:00.030Z,BTC,USDT,BINANCE,3345190422,42681.11,0.00223,buy
2024-01-01T11:30:00.046Z,BTC,USDT,BINANCE,3345190423,42681.1,0.00168,sell
2024-01-01T11:30:00.047Z,BTC,USDT,BINANCE,3345190424,42681.11,0.0019,buy
2024-01-01T11:30:00.048Z,BTC,USDT,BINANCE,3345190425,42681.1,0.0013,sell
2024-01-01T11:30:00.062Z,BTC,USDT,BINANCE,3345190426,42681.11,0.00108,buy
2024-01-01T11:30:00.759Z,BTC,USDT,BINANCE,3345190427,42681.11,0.00162,buy
2024-01-01T11:30:00.853Z,BTC,USDT,BINANCE,3345190428,42681.1,0.00113,sell
2024-01-01T11:30:00.879Z,BTC,USDT,BINANCE,3345190430,42681.1,0.0068,sell
2024-01-01T11:30:00.879Z,BTC,USDT,BINANCE,3345190429,42681.1,0.00213,sell
2024-01-01T11:30:00.879Z,BTC,USDT,BINANCE,3345190432,42680.88,0.00062,sell
2024-01-01T11:30:00.879Z,BTC,USDT,BINANCE,3345190431,42681.1,0.0064,sell
2024-01-01T11:30:00.884Z,BTC,USDT,BINANCE,3345190433,42680.62,0.00062,sell
2024-01-01T11:30:00.899Z,BTC,USDT,BINANCE,3345190438,42680.0,0.01703,sell
2024-01-01T11:30:00.899Z,BTC,USDT,BINANCE,3345190435,42680.62,0.0068,sell
2024-01-01T11:30:00.899Z,BTC,USDT,BINANCE,3345190434,42680.62,0.00689,sell
2024-01-01T11:30:00.899Z,BTC,USDT,BINANCE,3345190436,42680.36,0.00062,sell
2024-01-01T11:30:00.899Z,BTC,USDT,BINANCE,3345190437,42680.1,0.00062,sell
2024-01-01T11:30:00.903Z,BTC,USDT,BINANCE,3345190439,42679.84,0.00062,sell
2024-01-01T11:30:00.910Z,BTC,USDT,BINANCE,3345190440,42679.58,0.00062,sell
2024-01-01T11:30:00.917Z,BTC,USDT,BINANCE,3345190441,42679.32,0.00062,sell
2024-01-01T11:30:00.924Z,BTC,USDT,BINANCE,3345190442,42679.06,0.00062,sell
2024-01-01T11:30:01.257Z,BTC,USDT,BINANCE,3345190443,42679.07,0.00065,buy
2024-01-01T11:30:01.671Z,BTC,USDT,BINANCE,3345190444,42679.06,0.0002,sell
2024-01-01T11:30:02.621Z,BTC,USDT,BINANCE,3345190445,42679.07,0.00066,buy
2024-01-01T11:30:02.660Z,BTC,USDT,BINANCE,3345190446,42679.07,0.00044,buy
2024-01-01T11:30:02.945Z,BTC,USDT,BINANCE,3345190447,42679.06,0.00075,sell
2024-01-01T11:30:03.109Z,BTC,USDT,BINANCE,3345190448,42679.07,0.00475,buy
2024-01-01T11:30:03.544Z,BTC,USDT,BINANCE,3345190449,42679.07,0.00032,buy
2024-01-01T11:30:04.152Z,BTC,USDT,BINANCE,3345190450,42679.07,0.00023,buy
2024-01-01T11:30:04.762Z,BTC,USDT,BINANCE,3345190451,42679.06,0.00162,sell
2024-01-01T11:30:05.057Z,BTC,USDT,BINANCE,3345190452,42679.06,0.00037,sell
2024-01-01T11:30:05.148Z,BTC,USDT,BINANCE,3345190453,42679.07,0.00427,buy
2024-01-01T11:30:05.500Z,BTC,USDT,BINANCE,3345190454,42679.07,0.00022,buy
2024-01-01T11:30:05.596Z,BTC,USDT,BINANCE,3345190455,42679.07,0.00025,buy
2024-01-01T11:30:05.662Z,BTC,USDT,BINANCE,3345190456,42679.06,0.02499,sell
2024-01-01T11:30:05.773Z,BTC,USDT,BINANCE,3345190457,42679.06,0.00053,sell
2024-01-01T11:30:06.138Z,BTC,USDT,BINANCE,3345190458,42679.06,0.00072,sell
2024-01-01T11:30:06.274Z,BTC,USDT,BINANCE,3345190459,42679.06,0.00151,sell
2024-01-01T11:30:06.337Z,BTC,USDT,BINANCE,3345190460,42679.07,0.01015,buy
2024-01-01T11:30:06.384Z,BTC,USDT,BINANCE,3345190461,42679.07,0.00852,buy
2024-01-01T11:30:06.384Z,BTC,USDT,BINANCE,3345190462,42679.07,0.00743,buy
2024-01-01T11:30:06.708Z,BTC,USDT,BINANCE,3345190463,42679.06,0.00078,sell
2024-01-01T11:30:07.435Z,BTC,USDT,BINANCE,3345190466,42679.07,0.00064,buy
2024-01-01T11:30:07.435Z,BTC,USDT,BINANCE,3345190465,42679.07,0.00034,buy
2024-01-01T11:30:07.435Z,BTC,USDT,BINANCE,3345190464,42679.07,0.01598,buy
2024-01-01T11:30:07.699Z,BTC,USDT,BINANCE,3345190467,42679.06,0.00069,sell
2024-01-01T11:30:07.857Z,BTC,USDT,BINANCE,3345190468,42679.06,0.01654,sell
2024-01-01T11:30:08.352Z,BTC,USDT,BINANCE,3345190469,42679.07,0.00575,buy
2024-01-01T11:30:08.636Z,BTC,USDT,BINANCE,3345190470,42679.07,0.03277,buy
2024-01-01T11:30:08.897Z,BTC,USDT,BINANCE,3345190471,42679.06,0.00012,sell
2024-01-01T11:30:08.975Z,BTC,USDT,BINANCE,3345190472,42679.07,0.00181,buy
2024-01-01T11:30:09.246Z,BTC,USDT,BINANCE,3345190473,42679.06,0.0005,sell
2024-01-01T11:30:09.989Z,BTC,USDT,BINANCE,3345190474,42679.07,0.00512,buy
2024-01-01T11:30:09.997Z,BTC,USDT,BINANCE,3345190476,42679.06,0.00046,sell
2024-01-01T11:30:09.997Z,BTC,USDT,BINANCE,3345190475,42679.06,0.00046,sell
2024-01-01T11:30:09.999Z,BTC,USDT,BINANCE,3345190477,42679.06,0.00046,sell
2024-01-01T11:30:10.438Z,BTC,USDT,BINANCE,3345190478,42679.06,0.00225,sell
2024-01-01T11:30:12.045Z,BTC,USDT,BINANCE,3345190479,42679.06,0.00037,sell
2024-01-01T11:30:12.148Z,BTC,USDT,BINANCE,3345190480,42679.06,0.00024,sell
2024-01-01T11:30:12.442Z,BTC,USDT,BINANCE,3345190481,42679.06,0.00117,sell
2024-01-01T11:30:12.676Z,BTC,USDT,BINANCE,3345190482,42679.07,0.00069,buy
2024-01-01T11:30:13.636Z,BTC,USDT,BINANCE,3345190483,42679.06,0.00459,sell
2024-01-01T11:30:14.196Z,BTC,USDT,BINANCE,3345190484,42679.07,0.00025,buy
2024-01-01T11:30:14.952Z,BTC,USDT,BINANCE,3345190485,42679.07,0.00093,buy
2024-01-01T11:30:15.203Z,BTC,USDT,BINANCE,3345190486,42679.07,0.01106,buy
2024-01-01T11:30:15.389Z,BTC,USDT,BINANCE,3345190487,42679.06,0.00519,sell
2024-01-01T11:30:16.483Z,BTC,USDT,BINANCE,3345190488,42679.06,0.00868,sell
2024-01-01T11:30:16.549Z,BTC,USDT,BINANCE,3345190489,42679.06,0.0015,sell
2024-01-01T11:30:17.040Z,BTC,USDT,BINANCE,3345190490,42679.06,0.0004,sell
2024-01-01T11:30:17.122Z,BTC,USDT,BINANCE,3345190491,42679.07,0.00439,buy
2024-01-01T11:30:17.136Z,BTC,USDT,BINANCE,3345190492,42679.07,0.01227,buy
2024-01-01T11:30:17.350Z,BTC,USDT,BINANCE,3345190493,42679.07,0.01072,buy
2024-01-01T11:30:17.772Z,BTC,USDT,BINANCE,3345190494,42679.07,0.00014,buy
2024-01-01T11:30:17.807Z,BTC,USDT,BINANCE,3345190495,42679.07,0.00709,buy
2024-01-01T11:30:18.061Z,BTC,USDT,BINANCE,3345190496,42679.07,0.00036,buy
2024-01-01T11:30:18.090Z,BTC,USDT,BINANCE,3345190497,42679.07,0.00048,buy
2024-01-01T11:30:18.110Z,BTC,USDT,BINANCE,3345190498,42679.07,0.00048,buy
2024-01-01T11:30:18.136Z,BTC,USDT,BINANCE,3345190499,42679.07,0.00048,buy
2024-01-01T11:30:18.157Z,BTC,USDT,BINANCE,3345190500,42679.07,0.00048,buy
2024-01-01T11:30:18.181Z,BTC,USDT,BINANCE,3345190501,42679.07,0.00048,buy
2024-01-01T11:30:18.205Z,BTC,USDT,BINANCE,3345190502,42679.07,0.00048,buy
2024-01-01T11:30:18.228Z,BTC,USDT,BINANCE,3345190503,42679.07,0.00048,buy
2024-01-01T11:30:18.428Z,BTC,USDT,BINANCE,3345190504,42679.06,0.00104,sell
2024-01-01T11:30:18.857Z,BTC,USDT,BINANCE,3345190505,42679.07,0.0134,buy
2024-01-01T11:30:18.859Z,BTC,USDT,BINANCE,3345190507,42679.07,0.00953,buy
2024-01-01T11:30:18.859Z,BTC,USDT,BINANCE,3345190506,42679.07,0.00611,buy
2024-01-01T11:30:18.862Z,BTC,USDT,BINANCE,3345190508,42679.07,0.01787,buy
2024-01-01T11:30:19.264Z,BTC,USDT,BINANCE,3345190509,42679.06,0.00307,sell
2024-01-01T11:30:19.289Z,BTC,USDT,BINANCE,3345190511,42679.07,0.03896,buy
2024-01-01T11:30:19.289Z,BTC,USDT,BINANCE,3345190510,42679.07,0.08946,buy
2024-01-01T11:30:19.289Z,BTC,USDT,BINANCE,3345190513,42679.07,0.01819,buy
2024-01-01T11:30:19.289Z,BTC,USDT,BINANCE,3345190512,42679.07,0.00025,buy
2024-01-01T11:30:19.290Z,BTC,USDT,BINANCE,3345190517,42679.07,0.12667,buy
2024-01-01T11:30:19.290Z,BTC,USDT,BINANCE,3345190516,42679.07,0.00471,buy
2024-01-01T11:30:19.290Z,BTC,USDT,BINANCE,3345190515,42679.07,0.00034,buy
2024-01-01T11:30:19.290Z,BTC,USDT,BINANCE,3345190514,42679.07,0.03181,buy
2024-01-01T11:30:19.291Z,BTC,USDT,BINANCE,3345190518,42679.07,0.48719,buy
2024-01-01T11:30:19.294Z,BTC,USDT,BINANCE,3345190523,42679.32,0.00062,buy
2024-01-01T11:30:19.294Z,BTC,USDT,BINANCE,3345190520,42679.07,0.2497,buy
2024-01-01T11:30:19.294Z,BTC,USDT,BINANCE,3345190522,42679.07,0.11686,buy
2024-01-01T11:30:19.294Z,BTC,USDT,BINANCE,3345190519,42679.07,0.13644,buy
2024-01-01T11:30:19.294Z,BTC,USDT,BINANCE,3345190521,42679.07,0.00558,buy
2024-01-01T11:30:19.296Z,BTC,USDT,BINANCE,3345190527,42680.36,0.00062,buy
2024-01-01T11:30:19.296Z,BTC,USDT,BINANCE,3345190525,42679.84,0.00062,buy
2024-01-01T11:30:19.296Z,BTC,USDT,BINANCE,3345190533,42681.06,0.06465,buy
2024-01-01T11:30:19.296Z,BTC,USDT,BINANCE,3345190526,42680.1,0.00062,buy
2024-01-01T11:30:19.296Z,BTC,USDT,BINANCE,3345190529,42680.42,0.09138,buy
2024-01-01T11:30:19.296Z,BTC,USDT,BINANCE,3345190528,42680.42,0.14431,buy
2024-01-01T11:30:19.296Z,BTC,USDT,BINANCE,3345190531,42680.7,0.11686,buy
2024-01-01T11:30:19.296Z,BTC,USDT,BINANCE,3345190530,42680.62,0.00062,buy
2024-01-01T11:30:19.296Z,BTC,USDT,BINANCE,3345190524,42679.58,0.00062,buy
2024-01-01T11:30:19.296Z,BTC,USDT,BINANCE,3345190532,42680.88,0.00062,buy
2024-01-01T11:30:19.300Z,BTC,USDT,BINANCE,3345190534,42680.69,0.07058,buy
2024-01-01T11:30:19.300Z,BTC,USDT,BINANCE,3345190535,42681.11,0.00054,buy
2024-01-01T11:30:19.300Z,BTC,USDT,BINANCE,3345190536,42681.14,0.00062,buy
2024-01-01T11:30:19.318Z,BTC,USDT,BINANCE,3345190539,42681.66,0.00062,buy
2024-01-01T11:30:19.318Z,BTC,USDT,BINANCE,3345190537,42681.4,0.00062,buy
2024-01-01T11:30:19.318Z,BTC,USDT,BINANCE,3345190540,42681.92,0.00062,buy
2024-01-01T11:30:19.318Z,BTC,USDT,BINANCE,3345190538,42681.6,0.01401,buy
2024-01-01T11:30:19.400Z,BTC,USDT,BINANCE,3345190543,42682.7,0.00062,buy
2024-01-01T11:30:19.400Z,BTC,USDT,BINANCE,3345190542,42682.44,0.00062,buy
2024-01-01T11:30:19.400Z,BTC,USDT,BINANCE,3345190541,42682.18,0.00062,buy
2024-01-01T11:30:19.411Z,BTC,USDT,BINANCE,3345190544,42682.96,0.00062,buy
2024-01-01T11:30:19.411Z,BTC,USDT,BINANCE,3345190545,42683.22,0.00062,buy
2024-01-01T11:30:19.600Z,BTC,USDT,BINANCE,3345190546,42683.23,0.00012,sell
2024-01-01T11:30:19.845Z,BTC,USDT,BINANCE,3345190547,42683.23,0.00119,sell
2024-01-01T11:30:20.204Z,BTC,USDT,BINANCE,3345190548,42683.23,0.0021,sell
2024-01-01T11:30:20.204Z,BTC,USDT,BINANCE,3345190549,42683.23,0.04376,sell
2024-01-01T11:30:20.455Z,BTC,USDT,BINANCE,3345190550,42683.23,0.024,sell
2024-01-01T11:30:20.497Z,BTC,USDT,BINANCE,3345190551,42683.23,0.08288,sell
2024-01-01T11:30:20.500Z,BTC,USDT,BINANCE,3345190552,42683.23,0.01706,sell
2024-01-01T11:30:20.548Z,BTC,USDT,BINANCE,3345190554,42683.24,0.00025,buy
2024-01-01T11:30:20.548Z,BTC,USDT,BINANCE,3345190556,42683.24,0.03926,buy
2024-01-01T11:30:20.548Z,BTC,USDT,BINANCE,3345190553,42683.24,0.0068,buy
2024-01-01T11:30:20.548Z,BTC,USDT,BINANCE,3345190555,42683.24,0.0006,buy
2024-01-01T11:30:20.621Z,BTC,USDT,BINANCE,3345190557,42683.24,0.00208,buy
2024-01-01T11:30:20.660Z,BTC,USDT,BINANCE,3345190558,42683.23,0.00234,sell
2024-01-01T11:30:20.849Z,BTC,USDT,BINANCE,3345190559,42683.24,0.00101,buy
2024-01-01T11:30:20.977Z,BTC,USDT,BINANCE,3345190560,42683.23,0.00234,sell
2024-01-01T11:30:21.033Z,BTC,USDT,BINANCE,3345190561,42683.23,0.00104,sell
2024-01-01T11:30:21.893Z,BTC,USDT,BINANCE,3345190563,42683.23,0.00348,sell
2024-01-01T11:30:21.893Z,BTC,USDT,BINANCE,3345190562,42683.23,0.00775,sell
2024-01-01T11:30:21.906Z,BTC,USDT,BINANCE,3345190564,42683.23,0.0231,sell
2024-01-01T11:30:21.937Z,BTC,USDT,BINANCE,3345190565,42683.24,0.0036,buy
2024-01-01T11:30:21.937Z,BTC,USDT,BINANCE,3345190566,42683.24,0.001,buy
2024-01-01T11:30:21.997Z,BTC,USDT,BINANCE,3345190567,42683.24,0.00051,buy
2024-01-01T11:30:22.055Z,BTC,USDT,BINANCE,3345190568,42683.24,0.00525,buy
2024-01-01T11:30:22.055Z,BTC,USDT,BINANCE,3345190569,42683.24,0.00443,buy
2024-01-01T11:30:22.065Z,BTC,USDT,BINANCE,3345190570,42683.23,0.00458,sell
2024-01-01T11:30:22.088Z,BTC,USDT,BINANCE,3345190571,42683.24,0.00227,buy
2024-01-01T11:30:22.091Z,BTC,USDT,BINANCE,3345190572,42683.32,0.00051,buy
2024-01-01T11:30:22.092Z,BTC,USDT,BINANCE,3345190573,42683.32,0.00049,buy
2024-01-01T11:30:22.113Z,BTC,USDT,BINANCE,3345190574,42683.47,0.00013,buy
2024-01-01T11:30:22.113Z,BTC,USDT,BINANCE,3345190583,42685.34,0.04181,buy
2024-01-01T11:30:22.113Z,BTC,USDT,BINANCE,3345190577,42684.0,0.00062,buy
2024-01-01T11:30:22.113Z,BTC,USDT,BINANCE,3345190575,42683.48,0.00062,buy
2024-01-01T11:30:22.113Z,BTC,USDT,BINANCE,3345190578,42684.26,0.00062,buy
2024-01-01T11:30:22.113Z,BTC,USDT,BINANCE,3345190582,42685.3,0.00062,buy
2024-01-01T11:30:22.113Z,BTC,USDT,BINANCE,3345190581,42685.04,0.00062,buy
2024-01-01T11:30:22.113Z,BTC,USDT,BINANCE,3345190579,42684.52,0.00062,buy
2024-01-01T11:30:22.113Z,BTC,USDT,BINANCE,3345190580,42684.78,0.00062,buy
2024-01-01T11:30:22.113Z,BTC,USDT,BINANCE,3345190576,42683.74,0.00062,buy
2024-01-01T11:30:22.254Z,BTC,USDT,BINANCE,3345190584,42685.34,0.00367,buy
2024-01-01T11:30:22.278Z,BTC,USDT,BINANCE,3345190585,42685.34,0.01118,buy
2024-01-01T11:30:23.157Z,BTC,USDT,BINANCE,3345190586,42685.33,0.00036,sell
2024-01-01T11:30:23.552Z,BTC,USDT,BINANCE,3345190587,42685.33,0.00031,sell
2024-01-01T11:30:23.701Z,BTC,USDT,BINANCE,3345190588,42685.34,0.01204,buy
2024-01-01T11:30:23.701Z,BTC,USDT,BINANCE,3345190589,42685.34,0.03486,buy
2024-01-01T11:30:23.866Z,BTC,USDT,BINANCE,3345190590,42685.33,0.00023,sell
2024-01-01T11:30:23.961Z,BTC,USDT,BINANCE,3345190591,42685.34,0.00026,buy
2024-01-01T11:30:23.968Z,BTC,USDT,BINANCE,3345190592,42685.33,0.00525,sell
2024-01-01T11:30:24.021Z,BTC,USDT,BINANCE,3345190593,42685.33,0.03764,sell
2024-01-01T11:30:24.021Z,BTC,USDT,BINANCE,3345190594,42685.33,0.00191,sell
2024-01-01T11:30:24.105Z,BTC,USDT,BINANCE,3345190595,42685.33,0.00318,sell
2024-01-01T11:30:24.249Z,BTC,USDT,BINANCE,3345190596,42685.34,0.00262,buy
2024-01-01T11:30:24.258Z,BTC,USDT,BINANCE,3345190597,42685.33,0.00071,sell
2024-01-01T11:30:24.652Z,BTC,USDT,BINANCE,3345190598,42685.33,0.00136,sell
2024-01-01T11:30:24.731Z,BTC,USDT,BINANCE,3345190599,42685.33,0.0005,sell
2024-01-01T11:30:25.296Z,BTC,USDT,BINANCE,3345190600,42685.34,0.0469,buy
2024-01-01T11:30:25.425Z,BTC,USDT,BINANCE,3345190601,42685.33,0.00031,sell
2024-01-01T11:30:25.526Z,BTC,USDT,BINANCE,3345190602,42685.33,0.00047,sell
2024-01-01T11:30:25.579Z,BTC,USDT,BINANCE,3345190622,42685.33,0.04317,sell
2024-01-01T11:30:25.579Z,BTC,USDT,BINANCE,3345190645,42684.78,0.00062,sell
2024-01-01T11:30:25.579Z,BTC,USDT,BINANCE,3345190609,42685.33,0.02337,sell
2024-01-01T11:30:25.579Z,BTC,USDT,BINANCE,3345190643,42685.33,0.5,sell
2024-01-01T11:30:25.579Z,BTC,USDT,BINANCE,3345190646,42684.77,0.05029,sell
2024-01-01T11:30:25.579Z,BTC,USDT,BINANCE,3345190671,42682.44,0.00062,sell
2024-01-01T11:30:25.579Z,BTC,USDT,BINANCE,3345190656,42683.31,0.28,sell
2024-01-01T11:30:25.579Z,BTC,USDT,BINANCE,3345190625,42685.33,0.03934,sell
2024-01-01T11:30:25.579Z,BTC,USDT,BINANCE,3345190638,42685.33,0.04935,sell
2024-01-01T11:30:25.579Z,BTC,USDT,BINANCE,3345190613,42685.33,0.64,sell
2024-01-01T11:30:25.579Z,BTC,USDT,BINANCE,3345190651,42684.0,0.00062,sell
2024-01-01T11:30:25.579Z,BTC,USDT,BINANCE,3345190634,42685.33,0.00049,sell
2024-01-01T11:30:25.579Z,BTC,USDT,BINANCE,3345190604,42685.33,0.09,sell
2024-01-01T11:30:25.579Z,BTC,USDT,BINANCE,3345190672,42682.29,0.28,sell
2024-01-01T11:30:25.579Z,BTC,USDT,BINANCE,3345190650,42684.0,0.113,sell
2024-01-01T11:30:25.579Z,BTC,USDT,BINANCE,3345190667,42682.8,0.03429,sell
2024-01-01T11:30:25.579Z,BTC,USDT,BINANCE,3345190635,42685.33,0.00106,sell
2024-01-01T11:30:25.579Z,BTC,USDT,BINANCE,3345190612,42685.33,0.23427,sell
2024-01-01T11:30:25.579Z,BTC,USDT,BINANCE,3345190657,42683.23,0.0948,sell
2024-01-01T11:30:25.579Z,BTC,USDT,BINANCE,3345190648,42684.39,0.001,sell
2024-01-01T11:30:25.579Z,BTC,USDT,BINANCE,3345190642,42685.33,0.00176,sell
2024-01-01T11:30:25.579Z,BTC,USDT,BINANCE,3345190606,42685.33,0.05,sell
2024-01-01T11:30:25.579Z,BTC,USDT,BINANCE,3345190616,42685.33,0.11686,sell
2024-01-01T11:30:25.579Z,BTC,USDT,BINANCE,3345190639,42685.33,0.05,sell
2024-01-01T11:30:25.579Z,BTC,USDT,BINANCE,3345190628,42685.33,0.00025,sell
2024-01-01T11:30:25.579Z,BTC,USDT,BINANCE,3345190661,42683.22,0.00062,sell
2024-01-01T11:30:25.579Z,BTC,USDT,BINANCE,3345190615,42685.33,0.00034,sell
2024-01-01T11:30:25.579Z,BTC,USDT,BINANCE,3345190668,42682.71,0.0234,sell
2024-01-01T11:30:25.579Z,BTC,USDT,BINANCE,3345190644,42685.04,0.00062,sell
2024-01-01T11:30:25.579Z,BTC,USDT,BINANCE,3345190619,42685.33,0.07029,sell
2024-01-01T11:30:25.579Z,BTC,USDT,BINANCE,3345190626,42685.33,0.67242,sell
2024-01-01T11:30:25.579Z,BTC,USDT,BINANCE,3345190630,42685.33,0.00048,sell
2024-01-01T11:30:25.579Z,BTC,USDT,BINANCE,3345190659,42683.23,0.0055,sell
2024-01-01T11:30:25.579Z,BTC,USDT,BINANCE,3345190621,42685.33,0.08,sell
2024-01-01T11:30:25.579Z,BTC,USDT,BINANCE,3345190629,42685.33,0.23429,sell
2024-01-01T11:30:25.579Z,BTC,USDT,BINANCE,3345190647,42684.52,0.00062,sell
2024-01-01T11:30:25.579Z,BTC,USDT,BINANCE,3345190666,42682.81,0.82766,sell
2024-01-01T11:30:25.579Z,BTC,USDT,BINANCE,3345190608,42685.33,0.02337,sell
2024-01-01T11:30:25.579Z,BTC,USDT,BINANCE,3345190674,42682.17,0.15995,sell
2024-01-01T11:30:25.579Z,BTC,USDT,BINANCE,3345190637,42685.33,0.0019,sell
2024-01-01T11:30:25.579Z,BTC,USDT,BINANCE,3345190649,42684.26,0.00062,sell
2024-01-01T11:30:25.579Z,BTC,USDT,BINANCE,3345190662,42683.2,0.00664,sell
2024-01-01T11:30:25.579Z,BTC,USDT,BINANCE,3345190614,42685.33,0.02377,sell
2024-01-01T11:30:25.579Z,BTC,USDT,BINANCE,3345190654,42683.48,0.00062,sell
2024-01-01T11:30:25.579Z,BTC,USDT,BINANCE,3345190660,42683.22,0.55031,sell
2024-01-01T11:30:25.579Z,BTC,USDT,BINANCE,3345190655,42683.47,0.28,sell
2024-01-01T11:30:25.579Z,BTC,USDT,BINANCE,3345190633,42685.33,0.00048,sell
2024-01-01T11:30:25.579Z,BTC,USDT,BINANCE,3345190617,42685.33,0.11686,sell
2024-01-01T11:30:25.579Z,BTC,USDT,BINANCE,3345190624,42685.33,0.07029,sell
2024-01-01T11:30:25.579Z,BTC,USDT,BINANCE,3345190618,42685.33,0.11686,sell
2024-01-01T11:30:25.579Z,BTC,USDT,BINANCE,3345190640,42685.33,0.00685,sell
2024-01-01T11:30:25.579Z,BTC,USDT,BINANCE,3345190611,42685.33,0.16,sell
2024-01-01T11:30:25.579Z,BTC,USDT,BINANCE,3345190669,42682.7,0.00062,sell
2024-01-01T11:30:25.579Z,BTC,USDT,BINANCE,3345190636,42685.33,0.00132,sell
2024-01-01T11:30:25.579Z,BTC,USDT,BINANCE,3345190623,42685.33,0.02048,sell
2024-01-01T11:30:25.579Z,BTC,USDT,BINANCE,3345190652,42683.82,0.0234,sell
2024-01-01T11:30:25.579Z,BTC,USDT,BINANCE,3345190632,42685.33,0.00048,sell
2024-01-01T11:30:25.579Z,BTC,USDT,BINANCE,3345190670,42682.49,0.1536,sell
2024-01-01T11:30:25.579Z,BTC,USDT,BINANCE,3345190653,42683.74,0.00062,sell
2024-01-01T11:30:25.579Z,BTC,USDT,BINANCE,3345190664,42682.96,0.00062,sell
2024-01-01T11:30:25.579Z,BTC,USDT,BINANCE,3345190665,42682.83,0.00681,sell
2024-01-01T11:30:25.579Z,BTC,USDT,BINANCE,3345190627,42685.33,0.27948,sell
2024-01-01T11:30:25.579Z,BTC,USDT,BINANCE,3345190631,42685.33,0.00048,sell
2024-01-01T11:30:25.579Z,BTC,USDT,BINANCE,3345190663,42683.19,0.00012,sell
2024-01-01T11:30:25.579Z,BTC,USDT,BINANCE,3345190607,42685.33,0.96,sell
2024-01-01T11:30:25.579Z,BTC,USDT,BINANCE,3345190641,42685.33,0.34435,sell
2024-01-01T11:30:25.579Z,BTC,USDT,BINANCE,3345190605,42685.33,0.0234,sell
2024-01-01T11:30:25.579Z,BTC,USDT,BINANCE,3345190620,42685.33,0.27721,sell
2024-01-01T11:30:25.579Z,BTC,USDT,BINANCE,3345190610,42685.33,0.32,sell
2024-01-01T11:30:25.579Z,BTC,USDT,BINANCE,3345190658,42683.23,0.56491,sell
2024-01-01T11:30:25.579Z,BTC,USDT,BINANCE,3345190603,42685.33,0.89156,sell
2024-01-01T11:30:25.579Z,BTC,USDT,BINANCE,3345190673,42682.18,0.00062,sell
2024-01-01T11:30:25.652Z,BTC,USDT,BINANCE,3345190675,42682.18,0.0004,buy
2024-01-01T11:30:25.653Z,BTC,USDT,BINANCE,3345190676,42682.17,0.0019,sell
2024-01-01T11:30:25.657Z,BTC,USDT,BINANCE,3345190677,42682.17,0.00026,sell
2024-01-01T11:30:25.657Z,BTC,USDT,BINANCE,3345190678,42682.17,0.03,sell
2024-01-01T11:30:25.658Z,BTC,USDT,BINANCE,3345190679,42682.17,0.00057,sell
2024-01-01T11:30:26.246Z,BTC,USDT,BINANCE,3345190680,42682.17,0.0024,sell
2024-01-01T11:30:26.252Z,BTC,USDT,BINANCE,3345190681,42682.18,0.00513,buy
2024-01-01T11:30:26.325Z,BTC,USDT,BINANCE,3345190682,42682.17,0.00017,sell
2024-01-01T11:30:26.409Z,BTC,USDT,BINANCE,3345190683,42682.17,0.00244,sell
2024-01-01T11:30:26.444Z,BTC,USDT,BINANCE,3345190684,42682.18,0.00176,buy
2024-01-01T11:30:26.725Z,BTC,USDT,BINANCE,3345190685,42682.17,0.00083,sell
2024-01-01T11:30:26.865Z,BTC,USDT,BINANCE,3345190686,42682.17,0.001,sell
2024-01-01T11:30:26.895Z,BTC,USDT,BINANCE,3345190687,42682.18,0.0469,buy
2024-01-01T11:30:26.987Z,BTC,USDT,BINANCE,3345190688,42682.18,0.00572,buy
2024-01-01T11:30:27.183Z,BTC,USDT,BINANCE,3345190689,42682.17,0.02194,sell
2024-01-01T11:30:27.211Z,BTC,USDT,BINANCE,3345190690,42682.18,0.00247,buy
2024-01-01T11:30:27.366Z,BTC,USDT,BINANCE,3345190691,42682.17,0.05119,sell
2024-01-01T11:30:27.404Z,BTC,USDT,BINANCE,3345190692,42682.17,0.00244,sell
2024-01-01T11:30:28.470Z,BTC,USDT,BINANCE,3345190693,42682.18,0.0469,buy
2024-01-01T11:30:28.573Z,BTC,USDT,BINANCE,3345190694,42682.17,0.00041,sell
2024-01-01T11:30:28.608Z,BTC,USDT,BINANCE,3345190695,42682.18,0.02989,buy
2024-01-01T11:30:28.635Z,BTC,USDT,BINANCE,3345190696,42682.17,0.02194,sell
2024-01-01T11:30:29.397Z,BTC,USDT,BINANCE,3345190697,42682.18,0.04467,buy
2024-01-01T11:30:29.402Z,BTC,USDT,BINANCE,3345190698,42682.18,0.00223,buy
2024-01-01T11:30:29.626Z,BTC,USDT,BINANCE,3345190699,42682.17,0.00408,sell
2024-01-01T11:30:29.671Z,BTC,USDT,BINANCE,3345190700,42682.17,0.00114,sell
2024-01-01T11:30:30.277Z,BTC,USDT,BINANCE,3345190701,42682.18,0.00234,buy
2024-01-01T11:30:30.807Z,BTC,USDT,BINANCE,3345190702,42682.17,0.00146,sell
2024-01-01T11:30:30.808Z,BTC,USDT,BINANCE,3345190703,42682.17,0.0017,sell
2024-01-01T11:30:30.810Z,BTC,USDT,BINANCE,3345190704,42682.17,0.00185,sell
2024-01-01T11:30:30.812Z,BTC,USDT,BINANCE,3345190706,42682.17,0.10486,sell
2024-01-01T11:30:30.812Z,BTC,USDT,BINANCE,3345190710,42682.17,0.00126,sell
2024-01-01T11:30:30.812Z,BTC,USDT,BINANCE,3345190708,42682.17,0.00034,sell
2024-01-01T11:30:30.812Z,BTC,USDT,BINANCE,3345190712,42682.17,0.063,sell
2024-01-01T11:30:30.812Z,BTC,USDT,BINANCE,3345190707,42682.17,0.32,sell
2024-01-01T11:30:30.812Z,BTC,USDT,BINANCE,3345190705,42682.17,0.00177,sell
2024-01-01T11:30:30.812Z,BTC,USDT,BINANCE,3345190711,42682.17,0.07029,sell
2024-01-01T11:30:30.812Z,BTC,USDT,BINANCE,3345190709,42682.17,0.00025,sell
2024-01-01T11:30:30.814Z,BTC,USDT,BINANCE,3345190713,42682.17,0.00288,sell
2024-01-01T11:30:30.972Z,BTC,USDT,BINANCE,3345190714,42682.18,0.0469,buy
2024-01-01T11:30:31.152Z,BTC,USDT,BINANCE,3345190715,42682.18,0.00025,buy
2024-01-01T11:30:31.294Z,BTC,USDT,BINANCE,3345190716,42682.17,0.00687,sell
2024-01-01T11:30:31.294Z,BTC,USDT,BINANCE,3345190717,42682.17,0.00101,sell
2024-01-01T11:30:31.699Z,BTC,USDT,BINANCE,3345190718,42682.17,0.00126,sell
2024-01-01T11:30:31.935Z,BTC,USDT,BINANCE,3345190719,42682.18,0.0469,buy
2024-01-01T11:30:31.962Z,BTC,USDT,BINANCE,3345190720,42682.18,0.02347,buy
2024-01-01T11:30:31.991Z,BTC,USDT,BINANCE,3345190721,42682.18,0.0062,buy
2024-01-01T11:30:32.104Z,BTC,USDT,BINANCE,3345190723,42682.17,0.00032,sell
2024-01-01T11:30:32.104Z,BTC,USDT,BINANCE,3345190726,42682.17,0.08393,sell
2024-01-01T11:30:32.104Z,BTC,USDT,BINANCE,3345190725,42682.17,0.00053,sell
2024-01-01T11:30:32.104Z,BTC,USDT,BINANCE,3345190724,42682.17,0.0109,sell
2024-01-01T11:30:32.104Z,BTC,USDT,BINANCE,3345190722,42682.17,0.00427,sell
2024-01-01T11:30:32.308Z,BTC,USDT,BINANCE,3345190727,42682.17,0.00244,sell
2024-01-01T11:30:32.501Z,BTC,USDT,BINANCE,3345190728,42682.17,0.09996,sell
2024-01-01T11:30:32.608Z,BTC,USDT,BINANCE,3345190729,42682.17,0.00661,sell
2024-01-01T11:30:32.608Z,BTC,USDT,BINANCE,3345190731,42682.17,0.00016,sell
2024-01-01T11:30:32.608Z,BTC,USDT,BINANCE,3345190730,42682.17,0.00054,sell
2024-01-01T11:30:32.633Z,BTC,USDT,BINANCE,3345190732,42682.17,0.00244,sell
2024-01-01T11:30:32.641Z,BTC,USDT,BINANCE,3345190734,42682.17,0.00059,sell
2024-01-01T11:30:32.641Z,BTC,USDT,BINANCE,3345190733,42682.17,0.03842,sell
2024-01-01T11:30:32.652Z,BTC,USDT,BINANCE,3345190735,42682.17,0.09995,sell
2024-01-01T11:30:32.874Z,BTC,USDT,BINANCE,3345190737,42682.18,0.0134,buy
2024-01-01T11:30:32.874Z,BTC,USDT,BINANCE,3345190738,42682.18,0.02457,buy
2024-01-01T11:30:32.874Z,BTC,USDT,BINANCE,3345190736,42682.18,0.00893,buy
2024-01-01T11:30:33.045Z,BTC,USDT,BINANCE,3345190739,42682.17,0.00128,sell
2024-01-01T11:30:33.069Z,BTC,USDT,BINANCE,3345190740,42682.18,0.00449,buy
2024-01-01T11:30:33.093Z,BTC,USDT,BINANCE,3345190741,42682.18,0.00286,buy
2024-01-01T11:30:33.097Z,BTC,USDT,BINANCE,3345190742,42682.17,0.00099,sell
2024-01-01T11:30:33.115Z,BTC,USDT,BINANCE,3345190743,42682.18,0.00241,buy
2024-01-01T11:30:33.119Z,BTC,USDT,BINANCE,3345190744,42682.18,0.0033,buy
2024-01-01T11:30:33.369Z,BTC,USDT,BINANCE,3345190745,42682.17,0.00244,sell
2024-01-01T11:30:33.376Z,BTC,USDT,BINANCE,3345190746,42682.17,0.09752,sell
2024-01-01T11:30:33.534Z,BTC,USDT,BINANCE,3345190747,42682.17,0.01728,sell
2024-01-01T11:30:33.800Z,BTC,USDT,BINANCE,3345190748,42682.18,0.0067,buy
2024-01-01T11:30:33.801Z,BTC,USDT,BINANCE,3345190749,42682.18,0.00223,buy
2024-01-01T11:30:33.818Z,BTC,USDT,BINANCE,3345190750,42682.18,0.00223,buy
2024-01-01T11:30:33.857Z,BTC,USDT,BINANCE,3345190751,42682.18,0.00223,buy
2024-01-01T11:30:33.861Z,BTC,USDT,BINANCE,3345190752,42682.18,0.00223,buy
2024-01-01T11:30:33.862Z,BTC,USDT,BINANCE,3345190753,42682.18,0.02903,buy
2024-01-01T11:30:33.863Z,BTC,USDT,BINANCE,3345190754,42682.18,0.00223,buy
2024-01-01T11:30:33.868Z,BTC,USDT,BINANCE,3345190756,42682.17,0.00686,sell
2024-01-01T11:30:33.868Z,BTC,USDT,BINANCE,3345190755,42682.17,0.05995,sell
2024-01-01T11:30:33.868Z,BTC,USDT,BINANCE,3345190759,42682.17,0.02462,sell
2024-01-01T11:30:33.868Z,BTC,USDT,BINANCE,3345190758,42682.17,0.00176,sell
2024-01-01T11:30:33.868Z,BTC,USDT,BINANCE,3345190757,42682.17,0.00677,sell
2024-01-01T11:30:34.058Z,BTC,USDT,BINANCE,3345190760,42682.18,0.00095,buy
2024-01-01T11:30:34.180Z,BTC,USDT,BINANCE,3345190761,42682.17,0.09996,sell
2024-01-01T11:30:34.486Z,BTC,USDT,BINANCE,3345190762,42682.18,0.00389,buy
2024-01-01T11:30:34.499Z,BTC,USDT,BINANCE,3345190763,42682.18,0.00308,buy
2024-01-01T11:30:34.522Z,BTC,USDT,BINANCE,3345190764,42682.18,0.00308,buy
2024-01-01T11:30:34.544Z,BTC,USDT,BINANCE,3345190765,42682.18,0.00308,buy
2024-01-01T11:30:34.569Z,BTC,USDT,BINANCE,3345190766,42682.18,0.00289,buy
2024-01-01T11:30:34.590Z,BTC,USDT,BINANCE,3345190767,42682.18,0.00258,buy
2024-01-01T11:30:34.601Z,BTC,USDT,BINANCE,3345190768,42682.18,0.00315,buy
2024-01-01T11:30:34.616Z,BTC,USDT,BINANCE,3345190769,42682.18,0.00253,buy
2024-01-01T11:30:34.627Z,BTC,USDT,BINANCE,3345190771,42682.18,0.01767,buy
2024-01-01T11:30:34.627Z,BTC,USDT,BINANCE,3345190770,42682.18,0.0058,buy
2024-01-01T11:30:34.643Z,BTC,USDT,BINANCE,3345190772,42682.18,0.00028,buy
2024-01-01T11:30:34.760Z,BTC,USDT,BINANCE,3345190773,42682.18,0.00045,buy
2024-01-01T11:30:34.802Z,BTC,USDT,BINANCE,3345190774,42682.18,0.0268,buy
2024-01-01T11:30:34.812Z,BTC,USDT,BINANCE,3345190775,42682.18,0.0201,buy
2024-01-01T11:30:34.814Z,BTC,USDT,BINANCE,3345190776,42682.17,0.0053,sell
2024-01-01T11:30:34.825Z,BTC,USDT,BINANCE,3345190777,42682.18,0.00014,buy
2024-01-01T11:30:35.244Z,BTC,USDT,BINANCE,3345190778,42682.17,0.0003,sell
2024-01-01T11:30:35.245Z,BTC,USDT,BINANCE,3345190779,42682.17,0.00027,sell
2024-01-01T11:30:35.444Z,BTC,USDT,BINANCE,3345190780,42682.17,0.00059,sell
2024-01-01T11:30:35.500Z,BTC,USDT,BINANCE,3345190781,42682.18,0.49394,buy
2024-01-01T11:30:35.748Z,BTC,USDT,BINANCE,3345190782,42682.18,0.0469,buy
2024-01-01T11:30:35.986Z,BTC,USDT,BINANCE,3345190783,42682.18,0.04391,buy
2024-01-01T11:30:36.058Z,BTC,USDT,BINANCE,3345190785,42682.17,0.0062,sell
2024-01-01T11:30:36.058Z,BTC,USDT,BINANCE,3345190784,42682.17,0.00363,sell
2024-01-01T11:30:36.396Z,BTC,USDT,BINANCE,3345190786,42682.17,0.00474,sell
2024-01-01T11:30:36.457Z,BTC,USDT,BINANCE,3345190787,42682.17,0.00049,sell
2024-01-01T11:30:36.530Z,BTC,USDT,BINANCE,3345190789,42682.17,0.0063,sell
2024-01-01T11:30:36.530Z,BTC,USDT,BINANCE,3345190788,42682.17,0.00658,sell
2024-01-01T11:30:36.530Z,BTC,USDT,BINANCE,3345190790,42682.17,0.00061,sell
2024-01-01T11:30:36.555Z,BTC,USDT,BINANCE,3345190791,42682.17,0.00236,sell
2024-01-01T11:30:36.556Z,BTC,USDT,BINANCE,3345190792,42682.17,0.0004,sell
2024-01-01T11:30:36.757Z,BTC,USDT,BINANCE,3345190793,42682.17,0.00027,sell
2024-01-01T11:30:36.957Z,BTC,USDT,BINANCE,3345190794,42682.17,0.0234,sell
2024-01-01T11:30:37.073Z,BTC,USDT,BINANCE,3345190795,42682.17,0.00195,sell
2024-01-01T11:30:37.158Z,BTC,USDT,BINANCE,3345190796,42682.17,0.00025,sell
2024-01-01T11:30:37.329Z,BTC,USDT,BINANCE,3345190797,42682.18,0.0469,buy
2024-01-01T11:30:37.649Z,BTC,USDT,BINANCE,3345190798,42682.17,0.00289,sell
2024-01-01T11:30:37.664Z,BTC,USDT,BINANCE,3345190799,42682.17,0.00068,sell
2024-01-01T11:30:37.759Z,BTC,USDT,BINANCE,3345190800,42682.18,0.00038,buy
2024-01-01T11:30:37.864Z,BTC,USDT,BINANCE,3345190801,42682.17,0.00027,sell
2024-01-01T11:30:38.034Z,BTC,USDT,BINANCE,3345190802,42682.17,0.08378,sell
2024-01-01T11:30:38.034Z,BTC,USDT,BINANCE,3345190803,42682.17,0.00335,sell
2024-01-01T11:30:38.034Z,BTC,USDT,BINANCE,3345190804,42682.17,0.01286,sell
2024-01-01T11:30:38.186Z,BTC,USDT,BINANCE,3345190805,42682.18,0.00011,buy
2024-01-01T11:30:38.269Z,BTC,USDT,BINANCE,3345190806,42682.17,0.00035,sell
2024-01-01T11:30:38.271Z,BTC,USDT,BINANCE,3345190807,42682.18,0.00035,buy
2024-01-01T11:30:38.380Z,BTC,USDT,BINANCE,3345190808,42682.17,0.00035,sell
2024-01-01T11:30:38.381Z,BTC,USDT,BINANCE,3345190809,42682.18,0.00035,buy
2024-01-01T11:30:38.490Z,BTC,USDT,BINANCE,3345190810,42682.17,0.00035,sell
2024-01-01T11:30:38.492Z,BTC,USDT,BINANCE,3345190811,42682.18,0.00035,buy
2024-01-01T11:30:38.494Z,BTC,USDT,BINANCE,3345190812,42682.18,0.02347,buy
2024-01-01T11:30:38.533Z,BTC,USDT,BINANCE,3345190813,42682.17,0.00027,sell
2024-01-01T11:30:38.554Z,BTC,USDT,BINANCE,3345190814,42682.17,0.00256,sell
2024-01-01T11:30:38.577Z,BTC,USDT,BINANCE,3345190815,42682.17,0.00294,sell
2024-01-01T11:30:38.599Z,BTC,USDT,BINANCE,3345190816,42682.17,0.00066,sell
2024-01-01T11:30:38.601Z,BTC,USDT,BINANCE,3345190817,42682.17,0.00035,sell
2024-01-01T11:30:38.603Z,BTC,USDT,BINANCE,3345190818,42682.18,0.00035,buy
2024-01-01T11:30:38.690Z,BTC,USDT,BINANCE,3345190819,42682.18,0.00117,buy
2024-01-01T11:30:38.870Z,BTC,USDT,BINANCE,3345190820,42682.17,0.00027,sell
2024-01-01T11:30:38.913Z,BTC,USDT,BINANCE,3345190821,42682.18,0.0469,buy
2024-01-01T11:30:38.964Z,BTC,USDT,BINANCE,3345190822,42682.18,0.00541,buy
2024-01-01T11:30:38.971Z,BTC,USDT,BINANCE,3345190823,42682.17,0.00035,sell
2024-01-01T11:30:38.996Z,BTC,USDT,BINANCE,3345190824,42682.17,0.00025,sell
2024-01-01T11:30:39.053Z,BTC,USDT,BINANCE,3345190825,42682.17,0.00059,sell
2024-01-01T11:30:39.061Z,BTC,USDT,BINANCE,3345190826,42682.17,0.00089,sell
2024-01-01T11:30:39.063Z,BTC,USDT,BINANCE,3345190827,42682.17,0.00492,sell
2024-01-01T11:30:39.576Z,BTC,USDT,BINANCE,3345190828,42682.17,0.0054,sell
2024-01-01T11:30:39.852Z,BTC,USDT,BINANCE,3345190829,42682.18,0.02457,buy
2024-01-01T11:30:39.858Z,BTC,USDT,BINANCE,3345190830,42682.18,0.02233,buy
2024-01-01T11:30:39.945Z,BTC,USDT,BINANCE,3345190831,42682.18,0.00096,buy
2024-01-01T11:30:39.947Z,BTC,USDT,BINANCE,3345190832,42682.17,0.0008,sell
2024-01-01T11:30:39.978Z,BTC,USDT,BINANCE,3345190833,42682.17,0.00057,sell
2024-01-01T11:30:40.288Z,BTC,USDT,BINANCE,3345190834,42682.17,0.00027,sell
2024-01-01T11:30:40.292Z,BTC,USDT,BINANCE,3345190835,42682.17,0.03529,sell
2024-01-01T11:30:40.292Z,BTC,USDT,BINANCE,3345190836,42682.17,0.07029,sell
2024-01-01T11:30:40.292Z,BTC,USDT,BINANCE,3345190837,42682.17,0.23431,sell
2024-01-01T11:30:40.292Z,BTC,USDT,BINANCE,3345190840,42682.17,0.00032,sell
2024-01-01T11:30:40.292Z,BTC,USDT,BINANCE,3345190838,42682.17,0.11686,sell
2024-01-01T11:30:40.292Z,BTC,USDT,BINANCE,3345190841,42681.92,0.00062,sell
2024-01-01T11:30:40.292Z,BTC,USDT,BINANCE,3345190842,42681.66,0.00062,sell
2024-01-01T11:30:40.292Z,BTC,USDT,BINANCE,3345190839,42682.17,0.00836,sell
2024-01-01T11:30:40.294Z,BTC,USDT,BINANCE,3345190845,42681.05,0.23432,sell
2024-01-01T11:30:40.294Z,BTC,USDT,BINANCE,3345190844,42681.14,0.00062,sell
2024-01-01T11:30:40.294Z,BTC,USDT,BINANCE,3345190843,42681.4,0.00062,sell
2024-01-01T11:30:40.295Z,BTC,USDT,BINANCE,3345190848,42680.36,0.00062,sell
2024-01-01T11:30:40.295Z,BTC,USDT,BINANCE,3345190852,42679.58,0.00062,sell
2024-01-01T11:30:40.295Z,BTC,USDT,BINANCE,3345190847,42680.62,0.00062,sell
2024-01-01T11:30:40.295Z,BTC,USDT,BINANCE,3345190850,42680.1,0.00062,sell
2024-01-01T11:30:40.295Z,BTC,USDT,BINANCE,3345190851,42679.84,0.00062,sell
2024-01-01T11:30:40.295Z,BTC,USDT,BINANCE,3345190849,42680.35,0.00344,sell
2024-01-01T11:30:40.295Z,BTC,USDT,BINANCE,3345190846,42680.88,0.00062,sell
2024-01-01T11:30:40.296Z,BTC,USDT,BINANCE,3345190860,42679.06,0.00062,sell
2024-01-01T11:30:40.296Z,BTC,USDT,BINANCE,3345190853,42679.32,0.00062,sell
2024-01-01T11:30:40.296Z,BTC,USDT,BINANCE,3345190857,42679.06,0.00032,sell
2024-01-01T11:30:40.296Z,BTC,USDT,BINANCE,3345190866,42678.02,0.00062,sell
2024-01-01T11:30:40.296Z,BTC,USDT,BINANCE,3345190854,42679.06,0.11686,sell
2024-01-01T11:30:40.296Z,BTC,USDT,BINANCE,3345190861,42679.03,0.016,sell
2024-01-01T11:30:40.296Z,BTC,USDT,BINANCE,3345190865,42678.28,0.00062,sell
2024-01-01T11:30:40.296Z,BTC,USDT,BINANCE,3345190859,42679.06,0.00666,sell
2024-01-01T11:30:40.296Z,BTC,USDT,BINANCE,3345190862,42678.93,0.0055,sell
2024-01-01T11:30:40.296Z,BTC,USDT,BINANCE,3345190858,42679.06,0.0024,sell
2024-01-01T11:30:40.296Z,BTC,USDT,BINANCE,3345190864,42678.54,0.00062,sell
2024-01-01T11:30:40.296Z,BTC,USDT,BINANCE,3345190856,42679.06,0.01,sell
2024-01-01T11:30:40.296Z,BTC,USDT,BINANCE,3345190863,42678.8,0.00062,sell
2024-01-01T11:30:40.296Z,BTC,USDT,BINANCE,3345190855,42679.06,0.0003,sell
2024-01-01T11:30:40.327Z,BTC,USDT,BINANCE,3345190867,42677.76,0.00062,sell
2024-01-01T11:30:40.362Z,BTC,USDT,BINANCE,3345190868,42677.77,0.02347,buy
2024-01-01T11:30:40.379Z,BTC,USDT,BINANCE,3345190869,42677.76,0.00025,sell
2024-01-01T11:30:40.562Z,BTC,USDT,BINANCE,3345190870,42677.77,0.03973,buy
2024-01-01T11:30:40.788Z,BTC,USDT,BINANCE,3345190871,42677.76,0.00027,sell
2024-01-01T11:30:41.094Z,BTC,USDT,BINANCE,3345190872,42677.76,0.00071,sell
2024-01-01T11:30:41.392Z,BTC,USDT,BINANCE,3345190873,42677.76,0.00027,sell
2024-01-01T11:30:41.471Z,BTC,USDT,BINANCE,3345190874,42677.77,0.0469,buy
2024-01-01T11:30:41.755Z,BTC,USDT,BINANCE,3345190875,42677.76,0.00047,sell
2024-01-01T11:30:41.858Z,BTC,USDT,BINANCE,3345190876,42677.77,0.02347,buy
2024-01-01T11:30:41.911Z,BTC,USDT,BINANCE,3345190877,42677.76,0.00027,sell
2024-01-01T11:30:41.942Z,BTC,USDT,BINANCE,3345190878,42677.76,0.00018,sell
2024-01-01T11:30:41.964Z,BTC,USDT,BINANCE,3345190879,42677.76,0.00042,sell
2024-01-01T11:30:41.968Z,BTC,USDT,BINANCE,3345190880,42677.76,0.2058,sell
2024-01-01T11:30:41.988Z,BTC,USDT,BINANCE,3345190881,42677.76,0.0004,sell
2024-01-01T11:30:42.012Z,BTC,USDT,BINANCE,3345190882,42677.76,0.0005,sell
2024-01-01T11:30:42.040Z,BTC,USDT,BINANCE,3345190884,42677.76,0.00028,sell
2024-01-01T11:30:42.040Z,BTC,USDT,BINANCE,3345190883,42677.76,2e-05,sell
2024-01-01T11:30:42.084Z,BTC,USDT,BINANCE,3345190885,42677.76,0.00338,sell
2024-01-01T11:30:42.291Z,BTC,USDT,BINANCE,3345190886,42677.76,0.03945,sell
2024-01-01T11:30:42.291Z,BTC,USDT,BINANCE,3345190887,42677.76,0.04588,sell
2024-01-01T11:30:42.296Z,BTC,USDT,BINANCE,3345190888,42677.76,0.01463,sell
2024-01-01T11:30:42.297Z,BTC,USDT,BINANCE,3345190889,42677.76,0.00027,sell
2024-01-01T11:30:42.395Z,BTC,USDT,BINANCE,3345190890,42677.77,0.02234,buy
2024-01-01T11:30:42.398Z,BTC,USDT,BINANCE,3345190891,42677.76,0.00035,sell
2024-01-01T11:30:42.404Z,BTC,USDT,BINANCE,3345190892,42677.77,0.0201,buy
2024-01-01T11:30:42.406Z,BTC,USDT,BINANCE,3345190893,42677.77,0.00447,buy
2024-01-01T11:30:43.285Z,BTC,USDT,BINANCE,3345190894,42677.77,0.02347,buy
2024-01-01T11:30:43.532Z,BTC,USDT,BINANCE,3345190895,42677.76,0.05573,sell
2024-01-01T11:30:43.532Z,BTC,USDT,BINANCE,3345190896,42677.76,0.04423,sell
2024-01-01T11:30:43.537Z,BTC,USDT,BINANCE,3345190897,42677.76,0.0019,sell
2024-01-01T11:30:43.537Z,BTC,USDT,BINANCE,3345190903,42677.76,0.00029,sell
2024-01-01T11:30:43.537Z,BTC,USDT,BINANCE,3345190900,42677.76,0.00234,sell
2024-01-01T11:30:43.537Z,BTC,USDT,BINANCE,3345190904,42677.69,0.2282,sell
2024-01-01T11:30:43.537Z,BTC,USDT,BINANCE,3345190901,42677.76,0.00235,sell
2024-01-01T11:30:43.537Z,BTC,USDT,BINANCE,3345190905,42677.54,0.01167,sell
2024-01-01T11:30:43.537Z,BTC,USDT,BINANCE,3345190898,42677.76,0.00637,sell
2024-01-01T11:30:43.537Z,BTC,USDT,BINANCE,3345190899,42677.76,0.00674,sell
2024-01-01T11:30:43.537Z,BTC,USDT,BINANCE,3345190902,42677.76,0.00207,sell
2024-01-01T11:30:43.555Z,BTC,USDT,BINANCE,3345190906,42677.5,0.00062,sell
2024-01-01T11:30:43.622Z,BTC,USDT,BINANCE,3345190907,42677.26,0.00013,sell
2024-01-01T11:30:43.622Z,BTC,USDT,BINANCE,3345190908,42677.25,0.00137,sell
2024-01-01T11:30:43.622Z,BTC,USDT,BINANCE,3345190909,42677.24,0.00062,sell
2024-01-01T11:30:43.659Z,BTC,USDT,BINANCE,3345190910,42677.12,0.00118,sell
2024-01-01T11:30:43.711Z,BTC,USDT,BINANCE,3345190911,42677.12,0.0019,sell
2024-01-01T11:30:43.798Z,BTC,USDT,BINANCE,3345190913,42677.12,0.00025,sell
2024-01-01T11:30:43.798Z,BTC,USDT,BINANCE,3345190914,42677.0,0.09687,sell
2024-01-01T11:30:43.798Z,BTC,USDT,BINANCE,3345190912,42677.12,0.00285,sell
2024-01-01T11:30:43.990Z,BTC,USDT,BINANCE,3345190915,42677.01,0.04691,buy
2024-01-01T11:30:44.296Z,BTC,USDT,BINANCE,3345190916,42677.0,0.00023,sell
2024-01-01T11:30:44.471Z,BTC,USDT,BINANCE,3345190917,42677.01,0.00508,buy
2024-01-01T11:30:44.693Z,BTC,USDT,BINANCE,3345190918,42677.01,0.02347,buy
2024-01-01T11:30:44.848Z,BTC,USDT,BINANCE,3345190919,42677.0,0.00016,sell
2024-01-01T11:30:44.849Z,BTC,USDT,BINANCE,3345190921,42677.0,0.00024,sell
2024-01-01T11:30:44.849Z,BTC,USDT,BINANCE,3345190920,42677.0,0.00024,sell
2024-01-01T11:30:44.866Z,BTC,USDT,BINANCE,3345190922,42677.0,0.00515,sell
2024-01-01T11:30:44.868Z,BTC,USDT,BINANCE,3345190923,42677.0,0.00506,sell
2024-01-01T11:30:44.879Z,BTC,USDT,BINANCE,3345190924,42677.01,0.02436,buy
2024-01-01T11:30:44.920Z,BTC,USDT,BINANCE,3345190925,42677.01,0.0067,buy
2024-01-01T11:30:44.920Z,BTC,USDT,BINANCE,3345190926,42677.01,0.04021,buy
2024-01-01T11:30:44.951Z,BTC,USDT,BINANCE,3345190927,42677.0,0.17574,sell
2024-01-01T11:30:45.189Z,BTC,USDT,BINANCE,3345190928,42677.0,0.00105,sell
2024-01-01T11:30:45.191Z,BTC,USDT,BINANCE,3345190929,42677.0,0.00071,sell
2024-01-01T11:30:45.233Z,BTC,USDT,BINANCE,3345190930,42677.0,0.00297,sell
2024-01-01T11:30:45.352Z,BTC,USDT,BINANCE,3345190931,42677.0,0.02883,sell
2024-01-01T11:30:45.371Z,BTC,USDT,BINANCE,3345190932,42677.01,0.00023,buy
2024-01-01T11:30:45.534Z,BTC,USDT,BINANCE,3345190933,42677.01,0.00023,buy
2024-01-01T11:30:45.715Z,BTC,USDT,BINANCE,3345190934,42677.01,0.00024,buy
2024-01-01T11:30:45.857Z,BTC,USDT,BINANCE,3345190935,42677.0,0.00077,sell
2024-01-01T11:30:46.117Z,BTC,USDT,BINANCE,3345190936,42677.01,0.00014,buy
2024-01-01T11:30:46.168Z,BTC,USDT,BINANCE,3345190937,42677.0,0.01619,sell
2024-01-01T11:30:46.286Z,BTC,USDT,BINANCE,3345190938,42677.0,0.03251,sell
2024-01-01T11:30:46.561Z,BTC,USDT,BINANCE,3345190939,42677.01,0.04691,buy
2024-01-01T11:30:46.613Z,BTC,USDT,BINANCE,3345190940,42677.0,0.02394,sell
2024-01-01T11:30:46.634Z,BTC,USDT,BINANCE,3345190941,42677.01,0.04891,buy
2024-01-01T11:30:46.958Z,BTC,USDT,BINANCE,3345190942,42677.01,0.00133,buy
2024-01-01T11:30:47.190Z,BTC,USDT,BINANCE,3345190943,42677.01,0.01226,buy
2024-01-01T11:30:47.360Z,BTC,USDT,BINANCE,3345190944,42677.01,0.02347,buy
2024-01-01T11:30:47.431Z,BTC,USDT,BINANCE,3345190945,42677.0,0.09996,sell
2024-01-01T11:30:47.504Z,BTC,USDT,BINANCE,3345190946,42677.01,0.04691,buy
2024-01-01T11:30:48.036Z,BTC,USDT,BINANCE,3345190947,42677.01,0.00145,buy
2024-01-01T11:30:48.336Z,BTC,USDT,BINANCE,3345190948,42677.01,0.11715,buy
2024-01-01T11:30:48.342Z,BTC,USDT,BINANCE,3345190949,42677.01,0.00391,buy
2024-01-01T11:30:48.725Z,BTC,USDT,BINANCE,3345190950,42677.01,0.0007,buy
2024-01-01T11:30:48.750Z,BTC,USDT,BINANCE,3345190951,42677.0,0.00346,sell
2024-01-01T11:30:48.764Z,BTC,USDT,BINANCE,3345190952,42677.01,0.02347,buy
2024-01-01T11:30:48.768Z,BTC,USDT,BINANCE,3345190953,42677.0,0.00236,sell
2024-01-01T11:30:48.834Z,BTC,USDT,BINANCE,3345190954,42677.0,0.00822,sell
2024-01-01T11:30:48.957Z,BTC,USDT,BINANCE,3345190955,42677.0,0.00022,sell
2024-01-01T11:30:48.968Z,BTC,USDT,BINANCE,3345190956,42677.0,0.0057,sell
2024-01-01T11:30:49.078Z,BTC,USDT,BINANCE,3345190957,42677.01,0.04691,buy
2024-01-01T11:30:49.123Z,BTC,USDT,BINANCE,3345190958,42677.01,0.00475,buy
2024-01-01T11:30:49.145Z,BTC,USDT,BINANCE,3345190959,42677.01,0.00229,buy
2024-01-01T11:30:49.169Z,BTC,USDT,BINANCE,3345190960,42677.01,0.00518,buy
2024-01-01T11:30:49.520Z,BTC,USDT,BINANCE,3345190962,42677.0,0.03681,sell
2024-01-01T11:30:49.520Z,BTC,USDT,BINANCE,3345190961,42677.0,0.01777,sell
2024-01-01T11:30:49.521Z,BTC,USDT,BINANCE,3345190963,42677.0,0.00352,sell
2024-01-01T11:30:50.235Z,BTC,USDT,BINANCE,3345190964,42677.01,0.02347,buy
2024-01-01T11:30:50.358Z,BTC,USDT,BINANCE,3345190965,42677.0,0.00457,sell
2024-01-01T11:30:50.671Z,BTC,USDT,BINANCE,3345190967,42677.01,0.03731,buy
2024-01-01T11:30:50.671Z,BTC,USDT,BINANCE,3345190966,42677.01,0.0096,buy
2024-01-01T11:30:50.673Z,BTC,USDT,BINANCE,3345190968,42677.01,0.00515,buy
2024-01-01T11:30:50.812Z,BTC,USDT,BINANCE,3345190970,42677.01,0.00258,buy
2024-01-01T11:30:50.812Z,BTC,USDT,BINANCE,3345190969,42677.01,0.00754,buy
2024-01-01T11:30:51.357Z,BTC,USDT,BINANCE,3345190971,42677.01,0.0007,buy
2024-01-01T11:30:51.439Z,BTC,USDT,BINANCE,3345190972,42677.01,0.01215,buy
2024-01-01T11:30:52.046Z,BTC,USDT,BINANCE,3345190973,42677.0,0.0227,sell
2024-01-01T11:30:52.240Z,BTC,USDT,BINANCE,3345190974,42677.0,0.00669,sell
2024-01-01T11:30:52.241Z,BTC,USDT,BINANCE,3345190975,42677.0,0.02337,sell
2024-01-01T11:30:52.252Z,BTC,USDT,BINANCE,3345190976,42677.0,0.0091,sell
2024-01-01T11:30:52.278Z,BTC,USDT,BINANCE,3345190977,42677.01,0.04691,buy
2024-01-01T11:30:52.696Z,BTC,USDT,BINANCE,3345190978,42677.01,0.00075,buy
2024-01-01T11:30:53.236Z,BTC,USDT,BINANCE,3345190979,42677.0,0.00192,sell
2024-01-01T11:30:53.917Z,BTC,USDT,BINANCE,3345190980,42677.01,0.04691,buy
2024-01-01T11:30:53.932Z,BTC,USDT,BINANCE,3345190981,42677.0,0.02471,sell
2024-01-01T11:30:54.049Z,BTC,USDT,BINANCE,3345190982,42677.01,0.00851,buy
2024-01-01T11:30:54.140Z,BTC,USDT,BINANCE,3345190983,42677.01,0.02347,buy
2024-01-01T11:30:54.153Z,BTC,USDT,BINANCE,3345190984,42677.01,0.00747,buy
2024-01-01T11:30:55.426Z,BTC,USDT,BINANCE,3345190985,42677.01,0.00064,buy
2024-01-01T11:30:55.491Z,BTC,USDT,BINANCE,3345190986,42677.01,0.00991,buy
2024-01-01T11:30:55.491Z,BTC,USDT,BINANCE,3345190987,42677.01,0.037,buy
2024-01-01T11:30:55.593Z,BTC,USDT,BINANCE,3345190988,42677.01,0.02347,buy
2024-01-01T11:30:55.866Z,BTC,USDT,BINANCE,3345190989,42677.0,0.00163,sell
2024-01-01T11:30:56.235Z,BTC,USDT,BINANCE,3345190990,42677.0,0.00012,sell
2024-01-01T11:30:56.244Z,BTC,USDT,BINANCE,3345190991,42677.01,0.00025,buy
2024-01-01T11:30:56.247Z,BTC,USDT,BINANCE,3345190992,42677.0,0.00396,sell
2024-01-01T11:30:56.508Z,BTC,USDT,BINANCE,3345190993,42677.01,0.00263,buy
2024-01-01T11:30:56.558Z,BTC,USDT,BINANCE,3345190994,42677.01,0.0016,buy
2024-01-01T11:30:56.691Z,BTC,USDT,BINANCE,3345190995,42677.01,0.00014,buy
2024-01-01T11:30:56.771Z,BTC,USDT,BINANCE,3345190996,42677.0,0.00014,sell
2024-01-01T11:30:56.789Z,BTC,USDT,BINANCE,3345190997,42677.0,0.0007,sell
2024-01-01T11:30:57.028Z,BTC,USDT,BINANCE,3345190998,42677.01,0.02347,buy
2024-01-01T11:30:57.080Z,BTC,USDT,BINANCE,3345190999,42677.01,0.04691,buy
2024-01-01T11:30:57.767Z,BTC,USDT,BINANCE,3345191000,42677.0,0.0048,sell
2024-01-01T11:30:57.946Z,BTC,USDT,BINANCE,3345191001,42677.0,0.00013,sell
2024-01-01T11:30:58.427Z,BTC,USDT,BINANCE,3345191002,42677.0,0.00745,sell
2024-01-01T11:30:58.444Z,BTC,USDT,BINANCE,3345191003,42677.0,0.0519,sell
2024-01-01T11:30:58.449Z,BTC,USDT,BINANCE,3345191004,42677.0,0.01878,sell
2024-01-01T11:30:58.458Z,BTC,USDT,BINANCE,3345191005,42677.01,0.0018,buy
2024-01-01T11:30:58.475Z,BTC,USDT,BINANCE,3345191006,42677.01,0.02347,buy
2024-01-01T11:30:58.652Z,BTC,USDT,BINANCE,3345191007,42677.01,0.04691,buy
2024-01-01T11:30:58.896Z,BTC,USDT,BINANCE,3345191008,42677.01,0.00019,buy
2024-01-01T11:30:59.209Z,BTC,USDT,BINANCE,3345191009,42677.01,0.00476,buy
2024-01-01T11:30:59.345Z,BTC,USDT,BINANCE,3345191010,42677.01,0.00234,buy
2024-01-01T11:30:59.480Z,BTC,USDT,BINANCE,3345191011,42677.01,0.01044,buy
2024-01-01T11:30:59.752Z,BTC,USDT,BINANCE,3345191012,42677.01,0.00858,buy
2024-01-01T11:30:59.937Z,BTC,USDT,BINANCE,3345191013,42677.01,0.02347,buy
2024-01-01T11:30:59.951Z,BTC,USDT,BINANCE,3345191014,42677.01,0.00189,buy
2024-01-01T11:30:59.960Z,BTC,USDT,BINANCE,3345191015,42677.0,0.00064,sell
2024-01-01T11:30:59.961Z,BTC,USDT,BINANCE,3345191016,42677.01,0.00053,buy
2024-01-01T11:30:59.965Z,BTC,USDT,BINANCE,3345191017,42677.0,0.00194,sell
2024-01-01T11:30:59.978Z,BTC,USDT,BINANCE,3345191018,42677.01,0.00146,buy
2024-01-01T11:30:59.979Z,BTC,USDT,BINANCE,3345191019,42677.0,0.00201,sell
2024-01-01T11:30:59.979Z,BTC,USDT,BINANCE,3345191021,42677.0,0.00042,sell
2024-01-01T11:30:59.979Z,BTC,USDT,BINANCE,3345191020,42677.0,0.0007,sell
2024-01-01T11:30:59.980Z,BTC,USDT,BINANCE,3345191022,42677.01,0.0011,buy
2024-01-01T11:30:59.981Z,BTC,USDT,BINANCE,3345191023,42677.01,0.00067,buy
2024-01-01T11:30:59.982Z,BTC,USDT,BINANCE,3345191024,42677.0,0.00145,sell
2024-01-01T11:30:59.984Z,BTC,USDT,BINANCE,3345191025,42677.01,0.00145,buy
2024-01-01T11:30:59.985Z,BTC,USDT,BINANCE,3345191026,42677.01,0.00237,buy
2024-01-01T11:30:59.985Z,BTC,USDT,BINANCE,3345191027,42677.0,0.00128,sell
2024-01-01T11:30:59.986Z,BTC,USDT,BINANCE,3345191028,42677.01,0.00237,buy
2024-01-01T11:30:59.986Z,BTC,USDT,BINANCE,3345191029,42677.01,0.00255,buy
2024-01-01T11:30:59.990Z,BTC,USDT,BINANCE,3345191031,42677.01,0.00243,buy
2024-01-01T11:30:59.990Z,BTC,USDT,BINANCE,3345191030,42677.0,0.00187,sell
2024-01-01T11:30:59.991Z,BTC,USDT,BINANCE,3345191033,42677.01,0.00117,buy
2024-01-01T11:30:59.991Z,BTC,USDT,BINANCE,3345191032,42677.01,0.0014,buy
2024-01-01T11:30:59.992Z,BTC,USDT,BINANCE,3345191034,42677.01,0.00043,buy
2024-01-01T11:30:59.992Z,BTC,USDT,BINANCE,3345191035,42677.0,0.00234,sell
2024-01-01T11:30:59.993Z,BTC,USDT,BINANCE,3345191037,42677.0,0.00075,sell
2024-01-01T11:30:59.993Z,BTC,USDT,BINANCE,3345191036,42677.0,0.00234,sell
2024-01-01T11:30:59.994Z,BTC,USDT,BINANCE,3345191039,42677.0,0.00101,sell
2024-01-01T11:30:59.994Z,BTC,USDT,BINANCE,3345191038,42677.01,0.00111,buy
2024-01-01T11:30:59.996Z,BTC,USDT,BINANCE,3345191040,42677.0,0.00208,sell
2024-01-01T11:30:59.996Z,BTC,USDT,BINANCE,3345191043,42677.01,0.00082,buy
2024-01-01T11:30:59.996Z,BTC,USDT,BINANCE,3345191041,42677.01,0.00113,buy
2024-01-01T11:30:59.996Z,BTC,USDT,BINANCE,3345191042,42677.01,0.00095,buy
2024-01-01T11:30:59.996Z,BTC,USDT,BINANCE,3345191044,42677.0,0.00092,sell
2024-01-01T11:30:59.997Z,BTC,USDT,BINANCE,3345191045,42677.0,0.00035,sell
2024-01-01T11:30:59.998Z,BTC,USDT,BINANCE,3345191046,42677.01,0.00096,buy
2024-01-01T11:30:59.999Z,BTC,USDT,BINANCE,3345191047,42677.0,0.00211,sell
2024-01-01T11:30:59.999Z,BTC,USDT,BINANCE,3345191048,42677.0,0.00242,sell
2024-01-01T11:31:00.006Z,BTC,USDT,BINANCE,3345191049,42677.01,0.00045,buy
2024-01-01T11:31:00.006Z,BTC,USDT,BINANCE,3345191050,42677.0,0.00116,sell
2024-01-01T11:31:00.007Z,BTC,USDT,BINANCE,3345191053,42677.0,0.00247,sell
2024-01-01T11:31:00.007Z,BTC,USDT,BINANCE,3345191051,42677.0,0.00168,sell
2024-01-01T11:31:00.007Z,BTC,USDT,BINANCE,3345191052,42677.0,0.00107,sell
2024-01-01T11:31:00.008Z,BTC,USDT,BINANCE,3345191055,42677.0,0.00181,sell
2024-01-01T11:31:00.008Z,BTC,USDT,BINANCE,3345191054,42677.0,0.00202,sell
2024-01-01T11:31:00.008Z,BTC,USDT,BINANCE,3345191056,42677.01,0.00244,buy
2024-01-01T11:31:00.009Z,BTC,USDT,BINANCE,3345191057,42677.0,0.00061,sell
2024-01-01T11:31:00.009Z,BTC,USDT,BINANCE,3345191058,42677.01,0.00029,buy
2024-01-01T11:31:00.010Z,BTC,USDT,BINANCE,3345191059,42677.0,0.00112,sell
2024-01-01T11:31:00.010Z,BTC,USDT,BINANCE,3345191060,42677.01,0.00255,buy
2024-01-01T11:31:00.012Z,BTC,USDT,BINANCE,3345191061,42677.0,0.00219,sell
2024-01-01T11:31:00.013Z,BTC,USDT,BINANCE,3345191062,42677.01,0.00237,buy
2024-01-01T11:31:00.014Z,BTC,USDT,BINANCE,3345191063,42677.0,0.00099,sell
2024-01-01T11:31:00.015Z,BTC,USDT,BINANCE,3345191064,42677.0,0.00097,sell
2024-01-01T11:31:00.016Z,BTC,USDT,BINANCE,3345191065,42677.01,0.00256,buy
2024-01-01T11:31:00.017Z,BTC,USDT,BINANCE,3345191066,42677.0,0.00206,sell
2024-01-01T11:31:00.019Z,BTC,USDT,BINANCE,3345191067,42677.0,0.00181,sell
2024-01-01T11:31:00.020Z,BTC,USDT,BINANCE,3345191068,42677.01,0.00094,buy
2024-01-01T11:31:00.021Z,BTC,USDT,BINANCE,3345191069,42677.01,0.00109,buy
2024-01-01T11:31:00.022Z,BTC,USDT,BINANCE,3345191070,42677.01,0.00087,buy
2024-01-01T11:31:00.024Z,BTC,USDT,BINANCE,3345191071,42677.0,0.00223,sell
2024-01-01T11:31:00.026Z,BTC,USDT,BINANCE,3345191072,42677.01,0.00185,buy
2024-01-01T11:31:00.028Z,BTC,USDT,BINANCE,3345191073,42677.0,0.00177,sell
2024-01-01T11:31:00.029Z,BTC,USDT,BINANCE,3345191074,42677.01,0.00071,buy
2024-01-01T11:31:00.031Z,BTC,USDT,BINANCE,3345191075,42677.01,0.00129,buy
2024-01-01T11:31:00.033Z,BTC,USDT,BINANCE,3345191076,42677.01,0.0026,buy
2024-01-01T11:31:00.035Z,BTC,USDT,BINANCE,3345191078,42677.01,0.00168,buy
2024-01-01T11:31:00.035Z,BTC,USDT,BINANCE,3345191077,42677.0,0.00182,sell
2024-01-01T11:31:00.044Z,BTC,USDT,BINANCE,3345191079,42677.0,0.00106,sell
2024-01-01T11:31:00.046Z,BTC,USDT,BINANCE,3345191080,42677.01,0.00042,buy
2024-01-01T11:31:00.245Z,BTC,USDT,BINANCE,3345191081,42677.01,0.04691,buy
2024-01-01T11:31:00.821Z,BTC,USDT,BINANCE,3345191082,42677.0,0.00187,sell
2024-01-01T11:31:00.823Z,BTC,USDT,BINANCE,3345191083,42677.0,0.00047,sell
2024-01-01T11:31:00.876Z,BTC,USDT,BINANCE,3345191084,42677.01,0.00214,buy
2024-01-01T11:31:01.059Z,BTC,USDT,BINANCE,3345191085,42677.0,0.00152,sell
2024-01-01T11:31:01.157Z,BTC,USDT,BINANCE,3345191086,42677.01,0.00409,buy
2024-01-01T11:31:01.246Z,BTC,USDT,BINANCE,3345191087,42677.01,0.00059,buy
2024-01-01T11:31:01.766Z,BTC,USDT,BINANCE,3345191088,42677.0,0.02387,sell
2024-01-01T11:31:01.795Z,BTC,USDT,BINANCE,3345191089,42677.01,0.02347,buy
2024-01-01T11:31:02.254Z,BTC,USDT,BINANCE,3345191090,42677.01,0.04691,buy
2024-01-01T11:31:02.352Z,BTC,USDT,BINANCE,3345191091,42677.01,0.00145,buy
2024-01-01T11:31:02.963Z,BTC,USDT,BINANCE,3345191092,42677.0,0.0004,sell
2024-01-01T11:31:02.986Z,BTC,USDT,BINANCE,3345191093,42677.0,0.0002,sell
2024-01-01T11:31:03.011Z,BTC,USDT,BINANCE,3345191094,42677.0,0.0004,sell
2024-01-01T11:31:03.039Z,BTC,USDT,BINANCE,3345191095,42677.0,0.0002,sell
2024-01-01T11:31:03.058Z,BTC,USDT,BINANCE,3345191096,42677.0,0.0004,sell
2024-01-01T11:31:03.082Z,BTC,USDT,BINANCE,3345191097,42677.0,0.0004,sell
2024-01-01T11:31:03.115Z,BTC,USDT,BINANCE,3345191098,42677.0,0.0002,sell
2024-01-01T11:31:03.356Z,BTC,USDT,BINANCE,3345191099,42677.0,0.00017,sell
2024-01-01T11:31:03.580Z,BTC,USDT,BINANCE,3345191100,42677.01,0.07029,buy
2024-01-01T11:31:03.828Z,BTC,USDT,BINANCE,3345191101,42677.01,0.04691,buy
2024-01-01T11:31:04.544Z,BTC,USDT,BINANCE,3345191102,42677.01,0.03623,buy
2024-01-01T11:31:04.544Z,BTC,USDT,BINANCE,3345191103,42677.01,0.15982,buy
2024-01-01T11:31:04.887Z,BTC,USDT,BINANCE,3345191104,42677.01,0.02347,buy
2024-01-01T11:31:04.915Z,BTC,USDT,BINANCE,3345191105,42677.0,0.01061,sell
2024-01-01T11:31:04.943Z,BTC,USDT,BINANCE,3345191106,42677.0,0.00617,sell
2024-01-01T11:31:05.194Z,BTC,USDT,BINANCE,3345191107,42677.01,0.00046,buy
2024-01-01T11:31:05.372Z,BTC,USDT,BINANCE,3345191108,42677.0,0.04067,sell
2024-01-01T11:31:05.604Z,BTC,USDT,BINANCE,3345191109,42677.0,0.00147,sell
2024-01-01T11:31:05.605Z,BTC,USDT,BINANCE,3345191111,42677.0,0.00185,sell
2024-01-01T11:31:05.605Z,BTC,USDT,BINANCE,3345191110,42677.0,0.00168,sell
2024-01-01T11:31:05.606Z,BTC,USDT,BINANCE,3345191112,42677.0,0.00176,sell
2024-01-01T11:31:05.759Z,BTC,USDT,BINANCE,3345191113,42677.0,0.00176,sell
2024-01-01T11:31:05.760Z,BTC,USDT,BINANCE,3345191114,42677.0,0.00168,sell
2024-01-01T11:31:05.761Z,BTC,USDT,BINANCE,3345191115,42677.0,0.00185,sell
2024-01-01T11:31:05.763Z,BTC,USDT,BINANCE,3345191116,42677.0,0.00147,sell
2024-01-01T11:31:05.764Z,BTC,USDT,BINANCE,3345191117,42677.0,0.00176,sell
2024-01-01T11:31:05.768Z,BTC,USDT,BINANCE,3345191118,42677.0,0.00168,sell
2024-01-01T11:31:05.768Z,BTC,USDT,BINANCE,3345191119,42677.0,0.00185,sell
2024-01-01T11:31:05.769Z,BTC,USDT,BINANCE,3345191120,42677.0,0.00147,sell
2024-01-01T11:31:05.773Z,BTC,USDT,BINANCE,3345191121,42677.0,0.00176,sell
2024-01-01T11:31:05.775Z,BTC,USDT,BINANCE,3345191122,42677.0,0.00185,sell
2024-01-01T11:31:05.776Z,BTC,USDT,BINANCE,3345191123,42677.0,0.00168,sell
2024-01-01T11:31:05.778Z,BTC,USDT,BINANCE,3345191124,42677.0,0.00147,sell
2024-01-01T11:31:05.780Z,BTC,USDT,BINANCE,3345191125,42677.0,0.00176,sell
2024-01-01T11:31:05.817Z,BTC,USDT,BINANCE,3345191126,42677.0,0.00187,sell
2024-01-01T11:31:05.817Z,BTC,USDT,BINANCE,3345191127,42677.0,0.00206,sell
2024-01-01T11:31:05.819Z,BTC,USDT,BINANCE,3345191128,42677.0,0.00047,sell
2024-01-01T11:31:05.819Z,BTC,USDT,BINANCE,3345191129,42677.0,0.00052,sell
2024-01-01T11:31:05.826Z,BTC,USDT,BINANCE,3345191131,42677.0,0.00488,sell
2024-01-01T11:31:05.826Z,BTC,USDT,BINANCE,3345191130,42677.0,0.01198,sell
2024-01-01T11:31:05.828Z,BTC,USDT,BINANCE,3345191132,42677.0,0.00118,sell
2024-01-01T11:31:05.828Z,BTC,USDT,BINANCE,3345191133,42677.01,0.04691,buy
2024-01-01T11:31:05.830Z,BTC,USDT,BINANCE,3345191135,42677.0,0.00187,sell
2024-01-01T11:31:05.830Z,BTC,USDT,BINANCE,3345191134,42677.0,0.00666,sell
2024-01-01T11:31:05.833Z,BTC,USDT,BINANCE,3345191137,42677.0,0.00047,sell
2024-01-01T11:31:05.833Z,BTC,USDT,BINANCE,3345191136,42677.0,0.00075,sell
2024-01-01T11:31:06.044Z,BTC,USDT,BINANCE,3345191138,42677.01,0.00478,buy
2024-01-01T11:31:06.170Z,BTC,USDT,BINANCE,3345191139,42677.0,0.00185,sell
2024-01-01T11:31:06.170Z,BTC,USDT,BINANCE,3345191140,42677.0,0.00147,sell
2024-01-01T11:31:06.171Z,BTC,USDT,BINANCE,3345191141,42677.0,0.00176,sell
2024-01-01T11:31:06.181Z,BTC,USDT,BINANCE,3345191142,42677.0,0.00168,sell
2024-01-01T11:31:06.262Z,BTC,USDT,BINANCE,3345191143,42677.0,0.00147,sell
2024-01-01T11:31:06.263Z,BTC,USDT,BINANCE,3345191144,42677.0,0.00168,sell
2024-01-01T11:31:06.263Z,BTC,USDT,BINANCE,3345191145,42677.0,0.00185,sell
2024-01-01T11:31:06.263Z,BTC,USDT,BINANCE,3345191146,42677.0,0.00176,sell
2024-01-01T11:31:06.299Z,BTC,USDT,BINANCE,3345191147,42677.0,0.25434,sell
2024-01-01T11:31:06.299Z,BTC,USDT,BINANCE,3345191148,42677.0,0.74616,sell
2024-01-01T11:31:06.300Z,BTC,USDT,BINANCE,3345191149,42677.0,0.00185,sell
2024-01-01T11:31:06.300Z,BTC,USDT,BINANCE,3345191150,42677.0,0.15626,sell
2024-01-01T11:31:06.301Z,BTC,USDT,BINANCE,3345191161,42677.0,0.00126,sell
2024-01-01T11:31:06.301Z,BTC,USDT,BINANCE,3345191154,42677.0,0.00919,sell
2024-01-01T11:31:06.301Z,BTC,USDT,BINANCE,3345191173,42675.94,0.00062,sell
2024-01-01T11:31:06.301Z,BTC,USDT,BINANCE,3345191151,42677.0,0.87599,sell
2024-01-01T11:31:06.301Z,BTC,USDT,BINANCE,3345191158,42677.0,0.0003,sell
2024-01-01T11:31:06.301Z,BTC,USDT,BINANCE,3345191155,42677.0,0.09,sell
2024-01-01T11:31:06.301Z,BTC,USDT,BINANCE,3345191179,42674.9,0.00028,sell
2024-01-01T11:31:06.301Z,BTC,USDT,BINANCE,3345191162,42677.0,0.00688,sell
2024-01-01T11:31:06.301Z,BTC,USDT,BINANCE,3345191157,42677.0,0.11686,sell
2024-01-01T11:31:06.301Z,BTC,USDT,BINANCE,3345191180,42674.82,0.00119,sell
2024-01-01T11:31:06.301Z,BTC,USDT,BINANCE,3345191170,42676.72,0.00062,sell
2024-01-01T11:31:06.301Z,BTC,USDT,BINANCE,3345191171,42676.46,0.00062,sell
2024-01-01T11:31:06.301Z,BTC,USDT,BINANCE,3345191174,42675.68,0.00044,sell
2024-01-01T11:31:06.301Z,BTC,USDT,BINANCE,3345191167,42677.0,0.22012,sell
2024-01-01T11:31:06.301Z,BTC,USDT,BINANCE,3345191160,42677.0,0.00922,sell
2024-01-01T11:31:06.301Z,BTC,USDT,BINANCE,3345191178,42674.9,0.00034,sell
2024-01-01T11:31:06.301Z,BTC,USDT,BINANCE,3345191166,42677.0,0.0003,sell
2024-01-01T11:31:06.301Z,BTC,USDT,BINANCE,3345191175,42675.68,0.00018,sell
2024-01-01T11:31:06.301Z,BTC,USDT,BINANCE,3345191169,42676.98,0.00062,sell
2024-01-01T11:31:06.301Z,BTC,USDT,BINANCE,3345191172,42676.2,0.00062,sell
2024-01-01T11:31:06.301Z,BTC,USDT,BINANCE,3345191159,42677.0,0.00012,sell
2024-01-01T11:31:06.301Z,BTC,USDT,BINANCE,3345191176,42675.42,0.00062,sell
2024-01-01T11:31:06.301Z,BTC,USDT,BINANCE,3345191156,42677.0,0.00923,sell
2024-01-01T11:31:06.301Z,BTC,USDT,BINANCE,3345191164,42677.0,0.05026,sell
2024-01-01T11:31:06.301Z,BTC,USDT,BINANCE,3345191163,42677.0,0.00986,sell
2024-01-01T11:31:06.301Z,BTC,USDT,BINANCE,3345191165,42677.0,0.00605,sell
2024-01-01T11:31:06.301Z,BTC,USDT,BINANCE,3345191177,42675.16,0.00062,sell
2024-01-01T11:31:06.301Z,BTC,USDT,BINANCE,3345191152,42677.0,0.00025,sell
2024-01-01T11:31:06.301Z,BTC,USDT,BINANCE,3345191153,42677.0,0.00234,sell
2024-01-01T11:31:06.301Z,BTC,USDT,BINANCE,3345191168,42677.0,0.10473,sell
2024-01-01T11:31:06.330Z,BTC,USDT,BINANCE,3345191181,42674.82,0.01881,sell
2024-01-01T11:31:06.330Z,BTC,USDT,BINANCE,3345191182,42674.82,0.05,sell
2024-01-01T11:31:06.344Z,BTC,USDT,BINANCE,3345191183,42674.64,0.00062,sell
2024-01-01T11:31:06.346Z,BTC,USDT,BINANCE,3345191185,42674.38,0.00062,sell
2024-01-01T11:31:06.346Z,BTC,USDT,BINANCE,3345191184,42674.39,0.00013,sell
2024-01-01T11:31:06.370Z,BTC,USDT,BINANCE,3345191186,42674.12,0.00062,sell
2024-01-01T11:31:06.416Z,BTC,USDT,BINANCE,3345191189,42673.99,0.0055,sell
2024-01-01T11:31:06.416Z,BTC,USDT,BINANCE,3345191187,42674.01,0.00013,sell
2024-01-01T11:31:06.416Z,BTC,USDT,BINANCE,3345191195,42673.99,0.0024,sell
2024-01-01T11:31:06.416Z,BTC,USDT,BINANCE,3345191191,42673.99,0.00025,sell
2024-01-01T11:31:06.416Z,BTC,USDT,BINANCE,3345191196,42673.86,0.00062,sell
2024-01-01T11:31:06.416Z,BTC,USDT,BINANCE,3345191194,42673.99,0.00666,sell
2024-01-01T11:31:06.416Z,BTC,USDT,BINANCE,3345191193,42673.99,0.01,sell
2024-01-01T11:31:06.416Z,BTC,USDT,BINANCE,3345191188,42674.0,0.00131,sell
2024-01-01T11:31:06.416Z,BTC,USDT,BINANCE,3345191190,42673.99,0.00042,sell
2024-01-01T11:31:06.416Z,BTC,USDT,BINANCE,3345191192,42673.99,0.00041,sell
2024-01-01T11:31:06.427Z,BTC,USDT,BINANCE,3345191197,42673.6,0.00062,sell
2024-01-01T11:31:06.436Z,BTC,USDT,BINANCE,3345191201,42672.56,0.00062,sell
2024-01-01T11:31:06.436Z,BTC,USDT,BINANCE,3345191200,42672.82,0.00062,sell
2024-01-01T11:31:06.436Z,BTC,USDT,BINANCE,3345191199,42673.08,0.00062,sell
2024-01-01T11:31:06.436Z,BTC,USDT,BINANCE,3345191198,42673.34,0.00062,sell
2024-01-01T11:31:06.500Z,BTC,USDT,BINANCE,3345191202,42672.53,0.0002,buy
2024-01-01T11:31:06.500Z,BTC,USDT,BINANCE,3345191203,42672.52,0.00018,sell
2024-01-01T11:31:06.502Z,BTC,USDT,BINANCE,3345191205,42672.51,0.02423,sell
2024-01-01T11:31:06.502Z,BTC,USDT,BINANCE,3345191204,42672.52,0.07328,sell
2024-01-01T11:31:06.502Z,BTC,USDT,BINANCE,3345191206,42672.3,0.00062,sell
2024-01-01T11:31:06.520Z,BTC,USDT,BINANCE,3345191207,42672.05,0.00478,buy
2024-01-01T11:31:06.524Z,BTC,USDT,BINANCE,3345191208,42672.04,0.00062,sell
2024-01-01T11:31:06.534Z,BTC,USDT,BINANCE,3345191211,42671.52,0.00062,sell
2024-01-01T11:31:06.534Z,BTC,USDT,BINANCE,3345191209,42671.79,0.00013,sell
2024-01-01T11:31:06.534Z,BTC,USDT,BINANCE,3345191210,42671.78,0.00062,sell
2024-01-01T11:31:06.534Z,BTC,USDT,BINANCE,3345191212,42671.27,0.00015,sell
2024-01-01T11:31:06.596Z,BTC,USDT,BINANCE,3345191213,42671.27,0.0015,buy
2024-01-01T11:31:06.596Z,BTC,USDT,BINANCE,3345191214,42671.27,0.00134,buy
2024-01-01T11:31:06.608Z,BTC,USDT,BINANCE,3345191216,42671.26,0.00106,sell
2024-01-01T11:31:06.608Z,BTC,USDT,BINANCE,3345191215,42671.26,0.00062,sell
2024-01-01T11:31:06.609Z,BTC,USDT,BINANCE,3345191218,42671.26,0.00185,sell
2024-01-01T11:31:06.609Z,BTC,USDT,BINANCE,3345191217,42671.26,0.00176,sell
2024-01-01T11:31:06.609Z,BTC,USDT,BINANCE,3345191219,42671.26,0.00147,sell
2024-01-01T11:31:06.617Z,BTC,USDT,BINANCE,3345191220,42671.26,0.00185,sell
2024-01-01T11:31:06.617Z,BTC,USDT,BINANCE,3345191221,42671.26,0.00176,sell
2024-01-01T11:31:06.618Z,BTC,USDT,BINANCE,3345191222,42671.26,0.00147,sell
2024-01-01T11:31:06.619Z,BTC,USDT,BINANCE,3345191223,42671.26,0.00168,sell
2024-01-01T11:31:06.625Z,BTC,USDT,BINANCE,3345191224,42671.26,0.00168,sell
2024-01-01T11:31:06.626Z,BTC,USDT,BINANCE,3345191225,42671.26,0.00176,sell
2024-01-01T11:31:06.626Z,BTC,USDT,BINANCE,3345191226,42671.26,0.00147,sell
2024-01-01T11:31:06.628Z,BTC,USDT,BINANCE,3345191227,42671.26,0.00185,sell
2024-01-01T11:31:06.632Z,BTC,USDT,BINANCE,3345191228,42671.26,0.00387,sell
2024-01-01T11:31:06.633Z,BTC,USDT,BINANCE,3345191229,42671.26,0.00176,sell
2024-01-01T11:31:06.634Z,BTC,USDT,BINANCE,3345191230,42671.26,0.00147,sell
2024-01-01T11:31:06.635Z,BTC,USDT,BINANCE,3345191231,42671.26,0.00168,sell
2024-01-01T11:31:06.637Z,BTC,USDT,BINANCE,3345191232,42671.26,0.00185,sell
2024-01-01T11:31:06.649Z,BTC,USDT,BINANCE,3345191233,42671.26,0.00147,sell
2024-01-01T11:31:06.650Z,BTC,USDT,BINANCE,3345191234,42671.26,0.00185,sell
2024-01-01T11:31:06.651Z,BTC,USDT,BINANCE,3345191236,42671.26,0.00176,sell
2024-01-01T11:31:06.651Z,BTC,USDT,BINANCE,3345191235,42671.26,0.00168,sell
2024-01-01T11:31:06.656Z,BTC,USDT,BINANCE,3345191238,42671.26,0.00147,sell
2024-01-01T11:31:06.656Z,BTC,USDT,BINANCE,3345191237,42671.26,0.00859,sell
2024-01-01T11:31:06.658Z,BTC,USDT,BINANCE,3345191240,42671.26,0.00185,sell
2024-01-01T11:31:06.658Z,BTC,USDT,BINANCE,3345191239,42671.26,0.00176,sell
2024-01-01T11:31:06.659Z,BTC,USDT,BINANCE,3345191241,42671.26,0.00168,sell
2024-01-01T11:31:06.664Z,BTC,USDT,BINANCE,3345191242,42671.26,0.00176,sell
2024-01-01T11:31:06.666Z,BTC,USDT,BINANCE,3345191243,42671.26,0.00147,sell
2024-01-01T11:31:06.667Z,BTC,USDT,BINANCE,3345191244,42671.26,0.00185,sell
2024-01-01T11:31:06.669Z,BTC,USDT,BINANCE,3345191245,42671.26,0.00168,sell
2024-01-01T11:31:06.676Z,BTC,USDT,BINANCE,3345191247,42671.26,0.00147,sell
2024-01-01T11:31:06.676Z,BTC,USDT,BINANCE,3345191246,42671.26,0.00185,sell
2024-01-01T11:31:06.678Z,BTC,USDT,BINANCE,3345191248,42671.26,0.00176,sell
2024-01-01T11:31:06.678Z,BTC,USDT,BINANCE,3345191249,42671.26,0.00168,sell
2024-01-01T11:31:06.679Z,BTC,USDT,BINANCE,3345191250,42671.26,0.03994,sell
2024-01-01T11:31:06.685Z,BTC,USDT,BINANCE,3345191252,42671.26,0.00185,sell
2024-01-01T11:31:06.685Z,BTC,USDT,BINANCE,3345191251,42671.26,0.00147,sell
2024-01-01T11:31:06.685Z,BTC,USDT,BINANCE,3345191253,42671.26,0.00176,sell
2024-01-01T11:31:06.687Z,BTC,USDT,BINANCE,3345191255,42671.26,0.00203,sell
2024-01-01T11:31:06.687Z,BTC,USDT,BINANCE,3345191254,42671.26,0.00168,sell
2024-01-01T11:31:06.693Z,BTC,USDT,BINANCE,3345191256,42671.26,0.00185,sell
2024-01-01T11:31:06.695Z,BTC,USDT,BINANCE,3345191257,42671.26,0.00147,sell
2024-01-01T11:31:06.695Z,BTC,USDT,BINANCE,3345191258,42671.26,0.00176,sell
2024-01-01T11:31:06.696Z,BTC,USDT,BINANCE,3345191259,42671.26,0.00168,sell
2024-01-01T11:31:06.701Z,BTC,USDT,BINANCE,3345191260,42671.26,0.00185,sell
2024-01-01T11:31:06.702Z,BTC,USDT,BINANCE,3345191261,42671.26,0.00176,sell
2024-01-01T11:31:06.703Z,BTC,USDT,BINANCE,3345191263,42671.26,0.00147,sell
2024-01-01T11:31:06.703Z,BTC,USDT,BINANCE,3345191262,42671.26,0.00168,sell
2024-01-01T11:31:06.710Z,BTC,USDT,BINANCE,3345191265,42671.26,0.00185,sell
2024-01-01T11:31:06.710Z,BTC,USDT,BINANCE,3345191266,42671.26,0.00168,sell
2024-01-01T11:31:06.710Z,BTC,USDT,BINANCE,3345191264,42671.26,0.00176,sell
2024-01-01T11:31:06.716Z,BTC,USDT,BINANCE,3345191267,42671.26,0.00147,sell
2024-01-01T11:31:06.717Z,BTC,USDT,BINANCE,3345191268,42671.26,0.00168,sell
2024-01-01T11:31:06.717Z,BTC,USDT,BINANCE,3345191269,42671.26,0.00176,sell
2024-01-01T11:31:06.718Z,BTC,USDT,BINANCE,3345191270,42671.26,0.00185,sell
2024-01-01T11:31:06.723Z,BTC,USDT,BINANCE,3345191271,42671.26,0.00176,sell
2024-01-01T11:31:06.726Z,BTC,USDT,BINANCE,3345191273,42671.26,0.00168,sell
2024-01-01T11:31:06.726Z,BTC,USDT,BINANCE,3345191274,42671.26,0.00744,sell
2024-01-01T11:31:06.726Z,BTC,USDT,BINANCE,3345191272,42671.26,0.00185,sell
2024-01-01T11:31:06.730Z,BTC,USDT,BINANCE,3345191275,42671.26,0.00176,sell
2024-01-01T11:31:06.733Z,BTC,USDT,BINANCE,3345191276,42671.26,0.00168,sell
2024-01-01T11:31:06.734Z,BTC,USDT,BINANCE,3345191277,42671.26,0.00185,sell
2024-01-01T11:31:06.739Z,BTC,USDT,BINANCE,3345191278,42671.26,0.00176,sell
2024-01-01T11:31:06.745Z,BTC,USDT,BINANCE,3345191279,42671.26,0.00185,sell
2024-01-01T11:31:06.747Z,BTC,USDT,BINANCE,3345191280,42671.26,0.00168,sell
2024-01-01T11:31:06.750Z,BTC,USDT,BINANCE,3345191281,42671.26,0.00176,sell
2024-01-01T11:31:06.752Z,BTC,USDT,BINANCE,3345191282,42671.26,0.00185,sell
2024-01-01T11:31:06.756Z,BTC,USDT,BINANCE,3345191283,42671.26,0.00168,sell
2024-01-01T11:31:06.758Z,BTC,USDT,BINANCE,3345191284,42671.26,0.00176,sell
2024-01-01T11:31:06.760Z,BTC,USDT,BINANCE,3345191285,42671.26,0.00185,sell
2024-01-01T11:31:06.765Z,BTC,USDT,BINANCE,3345191286,42671.26,0.00168,sell
2024-01-01T11:31:06.767Z,BTC,USDT,BINANCE,3345191287,42671.26,0.00176,sell
2024-01-01T11:31:06.768Z,BTC,USDT,BINANCE,3345191288,42671.26,0.00185,sell
2024-01-01T11:31:06.774Z,BTC,USDT,BINANCE,3345191289,42671.26,0.00168,sell
2024-01-01T11:31:06.775Z,BTC,USDT,BINANCE,3345191290,42671.26,0.00176,sell
2024-01-01T11:31:06.778Z,BTC,USDT,BINANCE,3345191291,42671.26,0.00185,sell
2024-01-01T11:31:06.782Z,BTC,USDT,BINANCE,3345191292,42671.26,0.00176,sell
2024-01-01T11:31:06.782Z,BTC,USDT,BINANCE,3345191293,42671.26,0.00168,sell
2024-01-01T11:31:06.786Z,BTC,USDT,BINANCE,3345191294,42671.26,0.00185,sell
2024-01-01T11:31:06.789Z,BTC,USDT,BINANCE,3345191295,42671.26,0.00176,sell
2024-01-01T11:31:06.790Z,BTC,USDT,BINANCE,3345191296,42671.26,0.00168,sell
2024-01-01T11:31:06.793Z,BTC,USDT,BINANCE,3345191297,42671.26,0.00185,sell
2024-01-01T11:31:06.797Z,BTC,USDT,BINANCE,3345191298,42671.26,0.00176,sell
2024-01-01T11:31:06.800Z,BTC,USDT,BINANCE,3345191299,42671.26,0.00185,sell
2024-01-01T11:31:06.804Z,BTC,USDT,BINANCE,3345191300,42671.26,0.00168,sell
2024-01-01T11:31:06.805Z,BTC,USDT,BINANCE,3345191302,42671.26,0.00176,sell
2024-01-01T11:31:06.805Z,BTC,USDT,BINANCE,3345191301,42671.26,0.00126,sell
2024-01-01T11:31:06.808Z,BTC,USDT,BINANCE,3345191303,42671.26,0.00185,sell
2024-01-01T11:31:06.813Z,BTC,USDT,BINANCE,3345191304,42671.26,0.00168,sell
2024-01-01T11:31:06.813Z,BTC,USDT,BINANCE,3345191305,42671.26,0.00176,sell
2024-01-01T11:31:06.817Z,BTC,USDT,BINANCE,3345191306,42671.26,0.00185,sell
2024-01-01T11:31:06.821Z,BTC,USDT,BINANCE,3345191307,42671.26,0.00168,sell
2024-01-01T11:31:06.821Z,BTC,USDT,BINANCE,3345191308,42671.26,0.00176,sell
2024-01-01T11:31:06.825Z,BTC,USDT,BINANCE,3345191309,42671.26,0.00123,sell
2024-01-01T11:31:06.829Z,BTC,USDT,BINANCE,3345191310,42671.26,0.00123,sell
2024-01-01T11:31:06.833Z,BTC,USDT,BINANCE,3345191311,42671.26,0.00185,sell
2024-01-01T11:31:06.833Z,BTC,USDT,BINANCE,3345191312,42671.26,0.00168,sell
2024-01-01T11:31:06.838Z,BTC,USDT,BINANCE,3345191313,42671.26,0.00176,sell
2024-01-01T11:31:06.941Z,BTC,USDT,BINANCE,3345191314,42671.26,0.00185,sell
2024-01-01T11:31:06.941Z,BTC,USDT,BINANCE,3345191315,42671.26,0.00168,sell
2024-01-01T11:31:06.943Z,BTC,USDT,BINANCE,3345191316,42671.26,0.00176,sell
2024-01-01T11:31:06.950Z,BTC,USDT,BINANCE,3345191317,42671.26,0.00168,sell
2024-01-01T11:31:06.953Z,BTC,USDT,BINANCE,3345191318,42671.26,0.00176,sell
2024-01-01T11:31:06.960Z,BTC,USDT,BINANCE,3345191319,42671.26,0.00168,sell
2024-01-01T11:31:06.961Z,BTC,USDT,BINANCE,3345191320,42671.26,0.00176,sell
2024-01-01T11:31:06.963Z,BTC,USDT,BINANCE,3345191321,42671.26,0.00185,sell
2024-01-01T11:31:06.968Z,BTC,USDT,BINANCE,3345191322,42671.26,0.00168,sell
2024-01-01T11:31:06.968Z,BTC,USDT,BINANCE,3345191323,42671.26,0.00176,sell
2024-01-01T11:31:06.976Z,BTC,USDT,BINANCE,3345191324,42671.26,0.00168,sell
2024-01-01T11:31:06.978Z,BTC,USDT,BINANCE,3345191325,42671.26,0.00176,sell
2024-01-01T11:31:06.983Z,BTC,USDT,BINANCE,3345191326,42671.26,0.00185,sell
2024-01-01T11:31:06.984Z,BTC,USDT,BINANCE,3345191327,42671.26,0.00168,sell
2024-01-01T11:31:06.987Z,BTC,USDT,BINANCE,3345191328,42671.26,0.00176,sell
2024-01-01T11:31:06.992Z,BTC,USDT,BINANCE,3345191330,42671.27,0.02234,buy
2024-01-01T11:31:06.992Z,BTC,USDT,BINANCE,3345191329,42671.26,0.00084,sell
2024-01-01T11:31:06.997Z,BTC,USDT,BINANCE,3345191331,42671.26,0.00176,sell
2024-01-01T11:31:06.998Z,BTC,USDT,BINANCE,3345191332,42671.26,0.00185,sell
2024-01-01T11:31:07Z,BTC,USDT,BINANCE,3345191333,42671.26,0.00168,sell
2024-01-01T11:31:07.002Z,BTC,USDT,BINANCE,3345191334,42671.27,0.00223,buy
2024-01-01T11:31:07.005Z,BTC,USDT,BINANCE,3345191335,42671.27,0.00999,buy
2024-01-01T11:31:07.006Z,BTC,USDT,BINANCE,3345191336,42671.26,0.00084,sell
2024-01-01T11:31:07.031Z,BTC,USDT,BINANCE,3345191337,42671.27,0.00401,buy
2024-01-01T11:31:07.057Z,BTC,USDT,BINANCE,3345191338,42671.27,0.00783,buy
2024-01-01T11:31:07.075Z,BTC,USDT,BINANCE,3345191341,42671.26,0.00147,sell
2024-01-01T11:31:07.075Z,BTC,USDT,BINANCE,3345191342,42671.26,0.00185,sell
2024-01-01T11:31:07.075Z,BTC,USDT,BINANCE,3345191339,42671.26,0.00168,sell
2024-01-01T11:31:07.075Z,BTC,USDT,BINANCE,3345191340,42671.26,0.00176,sell
2024-01-01T11:31:07.083Z,BTC,USDT,BINANCE,3345191343,42671.26,0.00168,sell
2024-01-01T11:31:07.084Z,BTC,USDT,BINANCE,3345191344,42671.26,0.00185,sell
2024-01-01T11:31:07.084Z,BTC,USDT,BINANCE,3345191345,42671.26,0.00147,sell
2024-01-01T11:31:07.085Z,BTC,USDT,BINANCE,3345191346,42671.26,0.00176,sell
2024-01-01T11:31:07.092Z,BTC,USDT,BINANCE,3345191347,42671.26,0.00147,sell
2024-01-01T11:31:07.093Z,BTC,USDT,BINANCE,3345191348,42671.26,0.00168,sell
2024-01-01T11:31:07.147Z,BTC,USDT,BINANCE,3345191349,42671.26,0.00168,sell
2024-01-01T11:31:07.148Z,BTC,USDT,BINANCE,3345191350,42671.26,0.00185,sell
2024-01-01T11:31:07.156Z,BTC,USDT,BINANCE,3345191351,42671.26,0.00083,sell
2024-01-01T11:31:07.226Z,BTC,USDT,BINANCE,3345191352,42671.27,0.00019,buy
2024-01-01T11:31:07.351Z,BTC,USDT,BINANCE,3345191353,42671.26,0.02619,sell
2024-01-01T11:31:07.357Z,BTC,USDT,BINANCE,3345191354,42671.26,0.027,sell
2024-01-01T11:31:07.450Z,BTC,USDT,BINANCE,3345191357,42671.27,0.02234,buy
2024-01-01T11:31:07.450Z,BTC,USDT,BINANCE,3345191356,42671.26,0.00185,sell
2024-01-01T11:31:07.450Z,BTC,USDT,BINANCE,3345191355,42671.26,0.00147,sell
2024-01-01T11:31:07.461Z,BTC,USDT,BINANCE,3345191358,42671.26,0.0008,sell
2024-01-01T11:31:07.461Z,BTC,USDT,BINANCE,3345191359,42671.26,0.00138,sell
2024-01-01T11:31:07.472Z,BTC,USDT,BINANCE,3345191360,42671.26,0.00147,sell
2024-01-01T11:31:07.485Z,BTC,USDT,BINANCE,3345191361,42671.26,0.00063,sell
2024-01-01T11:31:07.486Z,BTC,USDT,BINANCE,3345191362,42671.26,0.01155,sell
2024-01-01T11:31:07.490Z,BTC,USDT,BINANCE,3345191363,42671.26,0.01153,sell
2024-01-01T11:31:07.497Z,BTC,USDT,BINANCE,3345191364,42671.26,0.00138,sell
2024-01-01T11:31:07.503Z,BTC,USDT,BINANCE,3345191365,42671.26,0.01335,sell
2024-01-01T11:31:07.512Z,BTC,USDT,BINANCE,3345191366,42671.27,0.02118,buy
2024-01-01T11:31:07.556Z,BTC,USDT,BINANCE,3345191367,42671.27,0.02347,buy
2024-01-01T11:31:07.579Z,BTC,USDT,BINANCE,3345191368,42671.26,0.00482,sell
2024-01-01T11:31:07.625Z,BTC,USDT,BINANCE,3345191369,42671.26,0.00451,sell
2024-01-01T11:31:07.643Z,BTC,USDT,BINANCE,3345191370,42671.26,0.001,sell
2024-01-01T11:31:07.652Z,BTC,USDT,BINANCE,3345191371,42671.27,0.00427,buy
2024-01-01T11:31:07.840Z,BTC,USDT,BINANCE,3345191372,42671.26,0.08534,sell
2024-01-01T11:31:07.840Z,BTC,USDT,BINANCE,3345191373,42671.26,0.00025,sell
2024-01-01T11:31:07.840Z,BTC,USDT,BINANCE,3345191374,42671.26,0.00156,sell
2024-01-01T11:31:07.956Z,BTC,USDT,BINANCE,3345191375,42671.1,0.0005,sell
2024-01-01T11:31:08.752Z,BTC,USDT,BINANCE,3345191376,42671.1,0.00234,sell
2024-01-01T11:31:09.493Z,BTC,USDT,BINANCE,3345191377,42671.11,0.04691,buy
2024-01-01T11:31:10.038Z,BTC,USDT,BINANCE,3345191378,42671.1,0.02191,sell
2024-01-01T11:31:10.170Z,BTC,USDT,BINANCE,3345191380,42671.11,0.02038,buy
2024-01-01T11:31:10.170Z,BTC,USDT,BINANCE,3345191379,42671.11,0.00309,buy
2024-01-01T11:31:10.242Z,BTC,USDT,BINANCE,3345191381,42671.1,0.01461,sell
2024-01-01T11:31:10.254Z,BTC,USDT,BINANCE,3345191382,42671.1,0.00243,sell
2024-01-01T11:31:10.827Z,BTC,USDT,BINANCE,3345191386,42671.1,0.00016,sell
2024-01-01T11:31:10.827Z,BTC,USDT,BINANCE,3345191385,42671.1,0.0214,sell
2024-01-01T11:31:10.827Z,BTC,USDT,BINANCE,3345191383,42671.1,0.0285,sell
2024-01-01T11:31:10.827Z,BTC,USDT,BINANCE,3345191388,42671.1,0.01929,sell
2024-01-01T11:31:10.827Z,BTC,USDT,BINANCE,3345191384,42671.1,0.00025,sell
2024-01-01T11:31:10.827Z,BTC,USDT,BINANCE,3345191387,42671.1,0.00344,sell
2024-01-01T11:31:10.924Z,BTC,USDT,BINANCE,3345191389,42671.1,0.00187,sell
2024-01-01T11:31:10.927Z,BTC,USDT,BINANCE,3345191390,42671.1,0.00047,sell
2024-01-01T11:31:11.071Z,BTC,USDT,BINANCE,3345191391,42671.11,0.04691,buy
2024-01-01T11:31:11.341Z,BTC,USDT,BINANCE,3345191392,42671.1,0.09982,sell
2024-01-01T11:31:11.342Z,BTC,USDT,BINANCE,3345191393,42671.1,0.00019,sell
2024-01-01T11:31:11.690Z,BTC,USDT,BINANCE,3345191396,42671.1,0.0019,sell
2024-01-01T11:31:11.690Z,BTC,USDT,BINANCE,3345191400,42670.48,0.00062,sell
2024-01-01T11:31:11.690Z,BTC,USDT,BINANCE,3345191397,42671.05,0.00215,sell
2024-01-01T11:31:11.690Z,BTC,USDT,BINANCE,3345191398,42671.0,0.00062,sell
2024-01-01T11:31:11.690Z,BTC,USDT,BINANCE,3345191394,42671.1,0.00288,sell
2024-01-01T11:31:11.690Z,BTC,USDT,BINANCE,3345191399,42670.74,0.00062,sell
2024-01-01T11:31:11.690Z,BTC,USDT,BINANCE,3345191395,42671.1,0.0008,sell
2024-01-01T11:31:11.790Z,BTC,USDT,BINANCE,3345191401,42670.35,0.00029,buy
2024-01-01T11:31:11.849Z,BTC,USDT,BINANCE,3345191402,42670.35,0.00143,buy
2024-01-01T11:31:11.892Z,BTC,USDT,BINANCE,3345191403,42670.35,0.00054,buy
2024-01-01T11:31:11.975Z,BTC,USDT,BINANCE,3345191404,42670.34,0.0019,sell
2024-01-01T11:31:12.429Z,BTC,USDT,BINANCE,3345191405,42670.34,0.08572,sell
2024-01-01T11:31:12.429Z,BTC,USDT,BINANCE,3345191407,42670.34,0.01385,sell
2024-01-01T11:31:12.429Z,BTC,USDT,BINANCE,3345191406,42670.34,0.00025,sell
2024-01-01T11:31:12.622Z,BTC,USDT,BINANCE,3345191409,42670.35,0.04437,buy
2024-01-01T11:31:12.622Z,BTC,USDT,BINANCE,3345191408,42670.35,0.00254,buy
2024-01-01T11:31:12.639Z,BTC,USDT,BINANCE,3345191410,42670.35,0.00048,buy
2024-01-01T11:31:13.098Z,BTC,USDT,BINANCE,3345191411,42670.34,0.0015,sell
2024-01-01T11:31:13.111Z,BTC,USDT,BINANCE,3345191412,42670.34,0.00572,sell
2024-01-01T11:31:13.127Z,BTC,USDT,BINANCE,3345191413,42670.35,0.00051,buy
2024-01-01T11:31:13.144Z,BTC,USDT,BINANCE,3345191414,42670.35,0.01121,buy
2024-01-01T11:31:13.153Z,BTC,USDT,BINANCE,3345191415,42670.35,0.00051,buy
2024-01-01T11:31:13.191Z,BTC,USDT,BINANCE,3345191416,42670.34,0.01354,sell
2024-01-01T11:31:13.195Z,BTC,USDT,BINANCE,3345191417,42670.34,0.00688,sell
2024-01-01T11:31:13.377Z,BTC,USDT,BINANCE,3345191418,42670.35,0.00786,buy
2024-01-01T11:31:13.506Z,BTC,USDT,BINANCE,3345191419,42670.35,0.00803,buy
2024-01-01T11:31:13.552Z,BTC,USDT,BINANCE,3345191420,42670.34,0.00937,sell
2024-01-01T11:31:13.560Z,BTC,USDT,BINANCE,3345191421,42670.34,0.00982,sell
2024-01-01T11:31:13.730Z,BTC,USDT,BINANCE,3345191422,42670.34,0.00024,sell
2024-01-01T11:31:13.968Z,BTC,USDT,BINANCE,3345191423,42670.34,0.00172,sell
2024-01-01T11:31:13.968Z,BTC,USDT,BINANCE,3345191424,42670.32,0.00778,sell
2024-01-01T11:31:13.976Z,BTC,USDT,BINANCE,3345191425,42670.22,0.00062,sell
2024-01-01T11:31:13.981Z,BTC,USDT,BINANCE,3345191426,42670.18,0.02347,buy
2024-01-01T11:31:13.997Z,BTC,USDT,BINANCE,3345191429,42669.7,0.00062,sell
2024-01-01T11:31:13.997Z,BTC,USDT,BINANCE,3345191428,42669.96,0.00062,sell
2024-01-01T11:31:13.997Z,BTC,USDT,BINANCE,3345191430,42669.44,0.00062,sell
2024-01-01T11:31:13.997Z,BTC,USDT,BINANCE,3345191433,42668.66,0.0004,sell
2024-01-01T11:31:13.997Z,BTC,USDT,BINANCE,3345191431,42669.18,0.00062,sell
2024-01-01T11:31:13.997Z,BTC,USDT,BINANCE,3345191427,42670.17,0.00013,sell
2024-01-01T11:31:13.997Z,BTC,USDT,BINANCE,3345191432,42668.92,0.00062,sell
2024-01-01T11:31:14.061Z,BTC,USDT,BINANCE,3345191434,42668.67,0.00771,buy
2024-01-01T11:31:14.121Z,BTC,USDT,BINANCE,3345191436,42668.66,0.00165,sell
2024-01-01T11:31:14.121Z,BTC,USDT,BINANCE,3345191435,42668.66,0.00022,sell
2024-01-01T11:31:14.121Z,BTC,USDT,BINANCE,3345191437,42668.66,0.00187,sell
2024-01-01T11:31:14.127Z,BTC,USDT,BINANCE,3345191438,42668.66,0.00047,sell
2024-01-01T11:31:14.128Z,BTC,USDT,BINANCE,3345191440,42668.66,0.04884,sell
2024-01-01T11:31:14.128Z,BTC,USDT,BINANCE,3345191439,42668.66,0.00047,sell
2024-01-01T11:31:14.133Z,BTC,USDT,BINANCE,3345191441,42668.67,0.0078,buy
2024-01-01T11:31:14.136Z,BTC,USDT,BINANCE,3345191442,42668.67,0.00305,buy
2024-01-01T11:31:14.139Z,BTC,USDT,BINANCE,3345191443,42668.66,0.00119,sell
2024-01-01T11:31:14.143Z,BTC,USDT,BINANCE,3345191444,42668.66,0.0008,sell
2024-01-01T11:31:14.204Z,BTC,USDT,BINANCE,3345191445,42668.67,0.04692,buy
2024-01-01T11:31:14.853Z,BTC,USDT,BINANCE,3345191446,42668.66,0.00136,sell
2024-01-01T11:31:15.070Z,BTC,USDT,BINANCE,3345191447,42668.66,0.09984,sell
2024-01-01T11:31:15.158Z,BTC,USDT,BINANCE,3345191448,42668.66,0.00059,sell
2024-01-01T11:31:15.587Z,BTC,USDT,BINANCE,3345191449,42668.67,0.00027,buy
2024-01-01T11:31:15.610Z,BTC,USDT,BINANCE,3345191450,42668.67,0.00027,buy
2024-01-01T11:31:15.634Z,BTC,USDT,BINANCE,3345191451,42668.67,0.00027,buy
2024-01-01T11:31:15.659Z,BTC,USDT,BINANCE,3345191452,42668.67,0.00027,buy
2024-01-01T11:31:15.685Z,BTC,USDT,BINANCE,3345191453,42668.67,0.00027,buy
2024-01-01T11:31:16.158Z,BTC,USDT,BINANCE,3345191454,42668.66,0.02154,sell
2024-01-01T11:31:16.207Z,BTC,USDT,BINANCE,3345191455,42668.67,0.04692,buy
2024-01-01T11:31:16.647Z,BTC,USDT,BINANCE,3345191456,42668.67,0.02347,buy
2024-01-01T11:31:16.850Z,BTC,USDT,BINANCE,3345191457,42668.66,0.00184,sell
2024-01-01T11:31:16.944Z,BTC,USDT,BINANCE,3345191458,42668.66,0.03399,sell
2024-01-01T11:31:17.069Z,BTC,USDT,BINANCE,3345191459,42668.66,0.01421,sell
2024-01-01T11:31:17.070Z,BTC,USDT,BINANCE,3345191460,42668.66,0.00469,sell
2024-01-01T11:31:17.452Z,BTC,USDT,BINANCE,3345191462,42668.67,0.01406,buy
2024-01-01T11:31:17.452Z,BTC,USDT,BINANCE,3345191461,42668.67,0.02995,buy
2024-01-01T11:31:17.457Z,BTC,USDT,BINANCE,3345191463,42668.66,0.00049,sell
2024-01-01T11:31:17.568Z,BTC,USDT,BINANCE,3345191464,42668.67,0.00032,buy
2024-01-01T11:31:17.615Z,BTC,USDT,BINANCE,3345191465,42668.67,0.0023,buy
2024-01-01T11:31:17.639Z,BTC,USDT,BINANCE,3345191466,42668.67,0.00135,buy
2024-01-01T11:31:17.671Z,BTC,USDT,BINANCE,3345191467,42668.66,0.00303,sell
2024-01-01T11:31:17.818Z,BTC,USDT,BINANCE,3345191468,42668.67,0.04692,buy
2024-01-01T11:31:18.569Z,BTC,USDT,BINANCE,3345191469,42668.66,0.00025,sell
2024-01-01T11:31:18.764Z,BTC,USDT,BINANCE,3345191470,42668.66,0.00132,sell
2024-01-01T11:31:18.852Z,BTC,USDT,BINANCE,3345191471,42668.67,0.0007,buy
2024-01-01T11:31:19.217Z,BTC,USDT,BINANCE,3345191472,42668.67,0.02347,buy
2024-01-01T11:31:19.349Z,BTC,USDT,BINANCE,3345191473,42668.67,0.00269,buy
2024-01-01T11:31:19.401Z,BTC,USDT,BINANCE,3345191474,42668.67,0.04692,buy
2024-01-01T11:31:20.093Z,BTC,USDT,BINANCE,3345191475,42668.66,0.00017,sell
2024-01-01T11:31:20.122Z,BTC,USDT,BINANCE,3345191477,42668.66,0.00025,sell
2024-01-01T11:31:20.122Z,BTC,USDT,BINANCE,3345191476,42668.66,0.04139,sell
2024-01-01T11:31:20.122Z,BTC,USDT,BINANCE,3345191478,42668.66,0.02099,sell
2024-01-01T11:31:20.195Z,BTC,USDT,BINANCE,3345191479,42668.66,0.00187,sell
2024-01-01T11:31:20.201Z,BTC,USDT,BINANCE,3345191480,42668.66,0.00047,sell
2024-01-01T11:31:20.212Z,BTC,USDT,BINANCE,3345191481,42668.66,0.00025,sell
2024-01-01T11:31:20.226Z,BTC,USDT,BINANCE,3345191482,42668.66,0.00259,sell
2024-01-01T11:31:20.459Z,BTC,USDT,BINANCE,3345191483,42668.67,0.00117,buy
2024-01-01T11:31:20.502Z,BTC,USDT,BINANCE,3345191484,42668.67,0.00737,buy
2024-01-01T11:31:20.544Z,BTC,USDT,BINANCE,3345191485,42668.67,0.00027,buy
2024-01-01T11:31:20.590Z,BTC,USDT,BINANCE,3345191486,42668.66,0.00031,sell
2024-01-01T11:31:20.989Z,BTC,USDT,BINANCE,3345191487,42668.67,0.04692,buy
2024-01-01T11:31:21.764Z,BTC,USDT,BINANCE,3345191488,42668.66,0.00195,sell
2024-01-01T11:31:21.774Z,BTC,USDT,BINANCE,3345191489,42668.66,0.00195,sell
2024-01-01T11:31:21.988Z,BTC,USDT,BINANCE,3345191490,42668.66,0.01,sell
2024-01-01T11:31:21.988Z,BTC,USDT,BINANCE,3345191491,42668.66,0.00768,sell
2024-01-01T11:31:22.325Z,BTC,USDT,BINANCE,3345191497,42668.66,0.07313,sell
2024-01-01T11:31:22.325Z,BTC,USDT,BINANCE,3345191496,42668.66,0.00223,sell
2024-01-01T11:31:22.325Z,BTC,USDT,BINANCE,3345191495,42668.66,0.02286,sell
2024-01-01T11:31:22.325Z,BTC,USDT,BINANCE,3345191493,42668.66,0.07031,sell
2024-01-01T11:31:22.325Z,BTC,USDT,BINANCE,3345191492,42668.66,0.06263,sell
2024-01-01T11:31:22.325Z,BTC,USDT,BINANCE,3345191494,42668.66,0.0003,sell
2024-01-01T11:31:22.509Z,BTC,USDT,BINANCE,3345191498,42668.67,0.00754,buy
2024-01-01T11:31:22.571Z,BTC,USDT,BINANCE,3345191499,42668.67,0.04692,buy
2024-01-01T11:31:22.678Z,BTC,USDT,BINANCE,3345191500,42668.66,0.00046,sell
2024-01-01T11:31:22.851Z,BTC,USDT,BINANCE,3345191501,42668.66,0.01625,sell
2024-01-01T11:31:23.129Z,BTC,USDT,BINANCE,3345191502,42668.67,0.02347,buy
2024-01-01T11:31:23.218Z,BTC,USDT,BINANCE,3345191503,42668.67,0.00013,buy
2024-01-01T11:31:23.415Z,BTC,USDT,BINANCE,3345191504,42668.66,0.00621,sell
2024-01-01T11:31:23.428Z,BTC,USDT,BINANCE,3345191505,42668.66,0.00352,sell
2024-01-01T11:31:23.737Z,BTC,USDT,BINANCE,3345191506,42668.66,0.00046,sell
2024-01-01T11:31:24.069Z,BTC,USDT,BINANCE,3345191510,42668.4,0.00062,sell
2024-01-01T11:31:24.069Z,BTC,USDT,BINANCE,3345191507,42668.66,0.01143,sell
2024-01-01T11:31:24.069Z,BTC,USDT,BINANCE,3345191509,42668.63,0.00023,sell
2024-01-01T11:31:24.069Z,BTC,USDT,BINANCE,3345191508,42668.64,0.00119,sell
2024-01-01T11:31:24.137Z,BTC,USDT,BINANCE,3345191511,42668.33,0.039,sell
2024-01-01T11:31:24.176Z,BTC,USDT,BINANCE,3345191512,42668.34,0.00674,buy
2024-01-01T11:31:24.176Z,BTC,USDT,BINANCE,3345191513,42668.34,0.04018,buy
2024-01-01T11:31:24.380Z,BTC,USDT,BINANCE,3345191514,42668.34,0.00022,buy
2024-01-01T11:31:24.404Z,BTC,USDT,BINANCE,3345191515,42668.34,0.00025,buy
2024-01-01T11:31:24.534Z,BTC,USDT,BINANCE,3345191516,42668.34,0.0003,buy
2024-01-01T11:31:24.542Z,BTC,USDT,BINANCE,3345191517,42668.34,0.0003,buy
2024-01-01T11:31:24.795Z,BTC,USDT,BINANCE,3345191518,42668.33,0.00998,sell
2024-01-01T11:31:24.846Z,BTC,USDT,BINANCE,3345191520,42668.33,0.00054,sell
2024-01-01T11:31:24.846Z,BTC,USDT,BINANCE,3345191519,42668.33,0.00025,sell
2024-01-01T11:31:24.941Z,BTC,USDT,BINANCE,3345191522,42668.14,0.00062,sell
2024-01-01T11:31:24.941Z,BTC,USDT,BINANCE,3345191529,42666.58,0.00062,sell
2024-01-01T11:31:24.941Z,BTC,USDT,BINANCE,3345191525,42667.58,0.00187,sell
2024-01-01T11:31:24.941Z,BTC,USDT,BINANCE,3345191521,42668.31,0.00013,sell
2024-01-01T11:31:24.941Z,BTC,USDT,BINANCE,3345191528,42666.84,0.00062,sell
2024-01-01T11:31:24.941Z,BTC,USDT,BINANCE,3345191523,42667.88,0.00062,sell
2024-01-01T11:31:24.941Z,BTC,USDT,BINANCE,3345191527,42667.1,0.00062,sell
2024-01-01T11:31:24.941Z,BTC,USDT,BINANCE,3345191526,42667.36,0.00062,sell
2024-01-01T11:31:24.941Z,BTC,USDT,BINANCE,3345191524,42667.62,0.00062,sell
2024-01-01T11:31:25.014Z,BTC,USDT,BINANCE,3345191530,42666.52,0.00317,buy
2024-01-01T11:31:25.014Z,BTC,USDT,BINANCE,3345191531,42666.52,0.0203,buy
2024-01-01T11:31:25.425Z,BTC,USDT,BINANCE,3345191532,42666.52,0.0005,buy
2024-01-01T11:31:25.546Z,BTC,USDT,BINANCE,3345191533,42666.51,0.00025,sell
2024-01-01T11:31:25.546Z,BTC,USDT,BINANCE,3345191534,42666.51,0.01145,sell
2024-01-01T11:31:25.762Z,BTC,USDT,BINANCE,3345191535,42666.52,0.04692,buy
2024-01-01T11:31:26.007Z,BTC,USDT,BINANCE,3345191536,42666.52,0.22144,buy
2024-01-01T11:31:26.136Z,BTC,USDT,BINANCE,3345191537,42666.51,0.00081,sell
2024-01-01T11:31:26.186Z,BTC,USDT,BINANCE,3345191538,42666.51,0.00089,sell
2024-01-01T11:31:26.646Z,BTC,USDT,BINANCE,3345191539,42666.51,0.00049,sell
2024-01-01T11:31:27.550Z,BTC,USDT,BINANCE,3345191540,42666.52,0.04692,buy
2024-01-01T11:31:27.630Z,BTC,USDT,BINANCE,3345191541,42666.52,0.02347,buy
2024-01-01T11:31:28.325Z,BTC,USDT,BINANCE,3345191542,42666.51,0.00327,sell
2024-01-01T11:31:28.806Z,BTC,USDT,BINANCE,3345191543,42666.51,0.02642,sell
2024-01-01T11:31:28.958Z,BTC,USDT,BINANCE,3345191544,42666.51,0.00028,sell
2024-01-01T11:31:29.323Z,BTC,USDT,BINANCE,3345191545,42666.51,0.02671,sell
2024-01-01T11:31:29.323Z,BTC,USDT,BINANCE,3345191546,42666.51,0.03592,sell
2024-01-01T11:31:29.347Z,BTC,USDT,BINANCE,3345191547,42666.52,0.04692,buy
2024-01-01T11:31:29.499Z,BTC,USDT,BINANCE,3345191548,42666.52,0.02348,buy
2024-01-01T11:31:29.649Z,BTC,USDT,BINANCE,3345191549,42666.51,0.00182,sell
2024-01-01T11:31:29.778Z,BTC,USDT,BINANCE,3345191550,42666.52,0.00023,buy
2024-01-01T11:31:30.270Z,BTC,USDT,BINANCE,3345191551,42666.52,0.02905,buy
2024-01-01T11:31:30.271Z,BTC,USDT,BINANCE,3345191552,42666.52,0.01787,buy
2024-01-01T11:31:30.396Z,BTC,USDT,BINANCE,3345191553,42666.51,0.01637,sell
2024-01-01T11:31:30.943Z,BTC,USDT,BINANCE,3345191554,42666.52,0.02348,buy
2024-01-01T11:31:31.158Z,BTC,USDT,BINANCE,3345191556,42666.51,0.00651,sell
2024-01-01T11:31:31.158Z,BTC,USDT,BINANCE,3345191557,42666.51,0.07728,sell
2024-01-01T11:31:31.158Z,BTC,USDT,BINANCE,3345191555,42666.51,0.01621,sell
2024-01-01T11:31:31.193Z,BTC,USDT,BINANCE,3345191558,42666.52,0.01341,buy
2024-01-01T11:31:31.196Z,BTC,USDT,BINANCE,3345191559,42666.52,0.03351,buy
2024-01-01T11:31:31.329Z,BTC,USDT,BINANCE,3345191560,42666.52,0.00793,buy
2024-01-01T11:31:31.330Z,BTC,USDT,BINANCE,3345191561,42666.52,0.06343,buy
2024-01-01T11:31:31.336Z,BTC,USDT,BINANCE,3345191562,42666.51,0.00047,sell
2024-01-01T11:31:31.337Z,BTC,USDT,BINANCE,3345191563,42666.51,0.00047,sell
2024-01-01T11:31:31.338Z,BTC,USDT,BINANCE,3345191564,42666.51,0.00047,sell
2024-01-01T11:31:31.348Z,BTC,USDT,BINANCE,3345191565,42666.51,0.00664,sell
2024-01-01T11:31:31.448Z,BTC,USDT,BINANCE,3345191566,42666.52,0.00023,buy
2024-01-01T11:31:31.501Z,BTC,USDT,BINANCE,3345191567,42666.51,0.0003,sell
2024-01-01T11:31:31.501Z,BTC,USDT,BINANCE,3345191568,42666.51,0.00165,sell
2024-01-01T11:31:31.563Z,BTC,USDT,BINANCE,3345191572,42666.51,0.00326,sell
2024-01-01T11:31:31.563Z,BTC,USDT,BINANCE,3345191574,42666.51,0.12673,sell
2024-01-01T11:31:31.563Z,BTC,USDT,BINANCE,3345191571,42666.51,0.00115,sell
2024-01-01T11:31:31.563Z,BTC,USDT,BINANCE,3345191570,42666.51,0.00126,sell
2024-01-01T11:31:31.563Z,BTC,USDT,BINANCE,3345191569,42666.51,0.01635,sell
2024-01-01T11:31:31.563Z,BTC,USDT,BINANCE,3345191573,42666.51,0.01553,sell
2024-01-01T11:31:31.837Z,BTC,USDT,BINANCE,3345191575,42666.51,0.00126,sell
2024-01-01T11:31:32.313Z,BTC,USDT,BINANCE,3345191576,42666.51,0.0002,sell
2024-01-01T11:31:32.385Z,BTC,USDT,BINANCE,3345191577,42666.52,0.02348,buy
2024-01-01T11:31:32.521Z,BTC,USDT,BINANCE,3345191579,42666.51,0.00206,sell
2024-01-01T11:31:32.521Z,BTC,USDT,BINANCE,3345191578,42666.51,0.00187,sell
2024-01-01T11:31:32.523Z,BTC,USDT,BINANCE,3345191581,42666.51,0.00187,sell
2024-01-01T11:31:32.523Z,BTC,USDT,BINANCE,3345191582,42666.51,0.00206,sell
2024-01-01T11:31:32.523Z,BTC,USDT,BINANCE,3345191580,42666.51,0.00046,sell
2024-01-01T11:31:32.524Z,BTC,USDT,BINANCE,3345191583,42666.51,0.00049,sell
2024-01-01T11:31:32.525Z,BTC,USDT,BINANCE,3345191584,42666.51,0.00045,sell
2024-01-01T11:31:32.525Z,BTC,USDT,BINANCE,3345191585,42666.51,0.00052,sell
2024-01-01T11:31:32.528Z,BTC,USDT,BINANCE,3345191586,42666.52,0.00047,buy
2024-01-01T11:31:32.530Z,BTC,USDT,BINANCE,3345191587,42666.52,0.00047,buy
2024-01-01T11:31:32.776Z,BTC,USDT,BINANCE,3345191588,42666.52,0.04692,buy
2024-01-01T11:31:32.799Z,BTC,USDT,BINANCE,3345191589,42666.51,0.00535,sell
2024-01-01T11:31:33.587Z,BTC,USDT,BINANCE,3345191590,42666.52,0.01219,buy
2024-01-01T11:31:33.635Z,BTC,USDT,BINANCE,3345191591,42666.51,0.0005,sell
2024-01-01T11:31:33.645Z,BTC,USDT,BINANCE,3345191592,42666.52,0.00431,buy
2024-01-01T11:31:33.673Z,BTC,USDT,BINANCE,3345191593,42666.52,0.0014,buy
2024-01-01T11:31:33.701Z,BTC,USDT,BINANCE,3345191594,42666.52,0.00449,buy
2024-01-01T11:31:33.876Z,BTC,USDT,BINANCE,3345191595,42666.52,0.00112,buy
2024-01-01T11:31:33.965Z,BTC,USDT,BINANCE,3345191596,42666.52,0.0051,buy
2024-01-01T11:31:34.152Z,BTC,USDT,BINANCE,3345191597,42666.52,0.01738,buy
2024-01-01T11:31:34.227Z,BTC,USDT,BINANCE,3345191598,42666.52,0.00151,buy
2024-01-01T11:31:34.305Z,BTC,USDT,BINANCE,3345191599,42666.52,0.00233,buy
2024-01-01T11:31:34.330Z,BTC,USDT,BINANCE,3345191600,42666.52,0.00018,buy
2024-01-01T11:31:34.368Z,BTC,USDT,BINANCE,3345191601,42666.52,0.04692,buy
2024-01-01T11:31:34.521Z,BTC,USDT,BINANCE,3345191602,42666.52,0.00092,buy
2024-01-01T11:31:34.769Z,BTC,USDT,BINANCE,3345191603,42666.51,0.00017,sell
2024-01-01T11:31:34.864Z,BTC,USDT,BINANCE,3345191605,42666.51,0.00954,sell
2024-01-01T11:31:34.864Z,BTC,USDT,BINANCE,3345191606,42666.51,0.05298,sell
2024-01-01T11:31:34.864Z,BTC,USDT,BINANCE,3345191604,42666.51,0.13601,sell
2024-01-01T11:31:35.078Z,BTC,USDT,BINANCE,3345191607,42666.52,0.02348,buy
2024-01-01T11:31:35.304Z,BTC,USDT,BINANCE,3345191608,42666.52,0.04692,buy
2024-01-01T11:31:35.544Z,BTC,USDT,BINANCE,3345191609,42666.52,0.00023,buy
2024-01-01T11:31:36.062Z,BTC,USDT,BINANCE,3345191610,42666.51,0.00234,sell
2024-01-01T11:31:36.896Z,BTC,USDT,BINANCE,3345191611,42666.52,0.04692,buy
2024-01-01T11:31:36.949Z,BTC,USDT,BINANCE,3345191612,42666.51,0.00332,sell
2024-01-01T11:31:36.971Z,BTC,USDT,BINANCE,3345191613,42666.52,0.0039,buy
2024-01-01T11:31:37.083Z,BTC,USDT,BINANCE,3345191614,42666.51,0.00184,sell
2024-01-01T11:31:37.085Z,BTC,USDT,BINANCE,3345191615,42666.51,0.00046,sell
2024-01-01T11:31:37.739Z,BTC,USDT,BINANCE,3345191616,42666.52,0.02348,buy
2024-01-01T11:31:38.476Z,BTC,USDT,BINANCE,3345191617,42666.52,0.04692,buy
2024-01-01T11:31:38.703Z,BTC,USDT,BINANCE,3345191618,42666.52,0.0002,buy
2024-01-01T11:31:39.190Z,BTC,USDT,BINANCE,3345191619,42666.52,0.02348,buy
2024-01-01T11:31:39.763Z,BTC,USDT,BINANCE,3345191620,42666.52,0.0004,buy
2024-01-01T11:31:39.861Z,BTC,USDT,BINANCE,3345191621,42666.51,0.00121,sell
2024-01-01T11:31:40.066Z,BTC,USDT,BINANCE,3345191622,42666.52,0.04692,buy
2024-01-01T11:31:40.633Z,BTC,USDT,BINANCE,3345191623,42666.52,0.00125,buy
2024-01-01T11:31:40.663Z,BTC,USDT,BINANCE,3345191624,42666.52,0.02348,buy
2024-01-01T11:31:40.995Z,BTC,USDT,BINANCE,3345191625,42666.51,0.09987,sell
2024-01-01T11:31:41.017Z,BTC,USDT,BINANCE,3345191626,42666.52,0.04692,buy
2024-01-01T11:31:41.395Z,BTC,USDT,BINANCE,3345191627,42666.52,0.00023,buy
2024-01-01T11:31:41.500Z,BTC,USDT,BINANCE,3345191628,42666.51,0.01052,sell
2024-01-01T11:31:41.560Z,BTC,USDT,BINANCE,3345191629,42666.52,0.00506,buy
2024-01-01T11:31:41.746Z,BTC,USDT,BINANCE,3345191630,42666.51,0.00048,sell
2024-01-01T11:31:41.815Z,BTC,USDT,BINANCE,3345191631,42666.52,0.00035,buy
2024-01-01T11:31:41.969Z,BTC,USDT,BINANCE,3345191632,42666.51,0.00132,sell
2024-01-01T11:31:42.088Z,BTC,USDT,BINANCE,3345191633,42666.52,0.02348,buy
2024-01-01T11:31:42.287Z,BTC,USDT,BINANCE,3345191634,42666.51,0.00493,sell
2024-01-01T11:31:42.357Z,BTC,USDT,BINANCE,3345191635,42666.51,0.0002,sell
2024-01-01T11:31:42.589Z,BTC,USDT,BINANCE,3345191636,42666.52,0.00033,buy
2024-01-01T11:31:42.619Z,BTC,USDT,BINANCE,3345191637,42666.52,0.04692,buy
2024-01-01T11:31:43.057Z,BTC,USDT,BINANCE,3345191638,42666.51,0.00234,sell
2024-01-01T11:31:43.153Z,BTC,USDT,BINANCE,3345191639,42666.51,0.02344,sell
2024-01-01T11:31:43.951Z,BTC,USDT,BINANCE,3345191640,42666.51,0.00092,sell
2024-01-01T11:31:44.194Z,BTC,USDT,BINANCE,3345191642,42666.52,0.03815,buy
2024-01-01T11:31:44.194Z,BTC,USDT,BINANCE,3345191641,42666.52,0.00877,buy
2024-01-01T11:31:44.559Z,BTC,USDT,BINANCE,3345191643,42666.52,0.0002,buy
2024-01-01T11:31:44.770Z,BTC,USDT,BINANCE,3345191644,42666.52,0.02348,buy
2024-01-01T11:31:45.044Z,BTC,USDT,BINANCE,3345191645,42666.51,0.0014,sell
2024-01-01T11:31:45.336Z,BTC,USDT,BINANCE,3345191646,42666.51,0.0097,sell
2024-01-01T11:31:45.336Z,BTC,USDT,BINANCE,3345191647,42666.51,0.01253,sell
2024-01-01T11:31:45.376Z,BTC,USDT,BINANCE,3345191648,42666.52,0.00023,buy
2024-01-01T11:31:45.511Z,BTC,USDT,BINANCE,3345191649,42666.51,0.00019,sell
2024-01-01T11:31:45.761Z,BTC,USDT,BINANCE,3345191650,42666.52,0.04692,buy
2024-01-01T11:31:46.018Z,BTC,USDT,BINANCE,3345191651,42666.52,0.00023,buy
2024-01-01T11:31:46.177Z,BTC,USDT,BINANCE,3345191656,42666.51,0.00028,sell
2024-01-01T11:31:46.177Z,BTC,USDT,BINANCE,3345191655,42666.51,0.00163,sell
2024-01-01T11:31:46.177Z,BTC,USDT,BINANCE,3345191652,42666.51,0.23348,sell
2024-01-01T11:31:46.177Z,BTC,USDT,BINANCE,3345191653,42666.51,0.56135,sell
2024-01-01T11:31:46.177Z,BTC,USDT,BINANCE,3345191654,42666.51,0.0083,sell
2024-01-01T11:31:46.177Z,BTC,USDT,BINANCE,3345191657,42666.51,0.03107,sell
2024-01-01T11:31:46.693Z,BTC,USDT,BINANCE,3345191658,42666.52,0.01564,buy
2024-01-01T11:31:46.712Z,BTC,USDT,BINANCE,3345191659,42666.52,0.0067,buy
2024-01-01T11:31:46.718Z,BTC,USDT,BINANCE,3345191660,42666.52,0.02458,buy
2024-01-01T11:31:46.755Z,BTC,USDT,BINANCE,3345191661,42666.51,0.00186,sell
2024-01-01T11:31:46.757Z,BTC,USDT,BINANCE,3345191662,42666.51,0.00047,sell
2024-01-01T11:31:47.366Z,BTC,USDT,BINANCE,3345191663,42666.52,0.00024,buy
2024-01-01T11:31:47.452Z,BTC,USDT,BINANCE,3345191664,42666.52,0.02348,buy
2024-01-01T11:31:48.307Z,BTC,USDT,BINANCE,3345191665,42666.52,0.04692,buy
2024-01-01T11:31:48.893Z,BTC,USDT,BINANCE,3345191666,42666.52,0.02348,buy
2024-01-01T11:31:49.285Z,BTC,USDT,BINANCE,3345191667,42666.52,0.04692,buy
2024-01-01T11:31:49.849Z,BTC,USDT,BINANCE,3345191669,42666.51,0.00038,sell
2024-01-01T11:31:49.849Z,BTC,USDT,BINANCE,3345191668,42666.51,0.04295,sell
2024-01-01T11:31:49.849Z,BTC,USDT,BINANCE,3345191671,42666.51,0.01338,sell
2024-01-01T11:31:49.849Z,BTC,USDT,BINANCE,3345191670,42666.51,0.00032,sell
2024-01-01T11:31:49.852Z,BTC,USDT,BINANCE,3345191673,42666.51,0.00187,sell
2024-01-01T11:31:49.852Z,BTC,USDT,BINANCE,3345191672,42666.51,0.01029,sell
2024-01-01T11:31:49.853Z,BTC,USDT,BINANCE,3345191678,42666.51,0.00431,sell
2024-01-01T11:31:49.853Z,BTC,USDT,BINANCE,3345191675,42666.51,0.00502,sell
2024-01-01T11:31:49.853Z,BTC,USDT,BINANCE,3345191676,42666.51,0.00048,sell
2024-01-01T11:31:49.853Z,BTC,USDT,BINANCE,3345191677,42666.51,0.00048,sell
2024-01-01T11:31:49.853Z,BTC,USDT,BINANCE,3345191674,42666.51,0.0063,sell
2024-01-01T11:31:49.856Z,BTC,USDT,BINANCE,3345191679,42666.51,0.00046,sell
2024-01-01T11:31:49.856Z,BTC,USDT,BINANCE,3345191681,42666.51,0.0007,sell
2024-01-01T11:31:49.856Z,BTC,USDT,BINANCE,3345191680,42666.51,0.00118,sell
2024-01-01T11:31:49.857Z,BTC,USDT,BINANCE,3345191682,42666.51,0.00111,sell
2024-01-01T11:31:49.862Z,BTC,USDT,BINANCE,3345191684,42666.51,0.0109,sell
2024-01-01T11:31:49.862Z,BTC,USDT,BINANCE,3345191687,42666.51,0.01324,sell
2024-01-01T11:31:49.862Z,BTC,USDT,BINANCE,3345191686,42666.51,0.00663,sell
2024-01-01T11:31:49.862Z,BTC,USDT,BINANCE,3345191683,42666.51,0.00305,sell
2024-01-01T11:31:49.862Z,BTC,USDT,BINANCE,3345191685,42666.51,0.00304,sell
2024-01-01T11:31:49.972Z,BTC,USDT,BINANCE,3345191688,42666.51,0.02243,sell
2024-01-01T11:31:49.990Z,BTC,USDT,BINANCE,3345191689,42666.51,0.00327,sell
2024-01-01T11:31:49.990Z,BTC,USDT,BINANCE,3345191690,42666.51,0.0018,sell
2024-01-01T11:31:50.365Z,BTC,USDT,BINANCE,3345191691,42666.52,0.02348,buy
2024-01-01T11:31:50.416Z,BTC,USDT,BINANCE,3345191692,42666.52,0.00039,buy
2024-01-01T11:31:50.441Z,BTC,USDT,BINANCE,3345191693,42666.52,0.00039,buy
2024-01-01T11:31:50.467Z,BTC,USDT,BINANCE,3345191694,42666.52,0.00039,buy
2024-01-01T11:31:50.577Z,BTC,USDT,BINANCE,3345191695,42666.52,0.00012,buy
2024-01-01T11:31:50.859Z,BTC,USDT,BINANCE,3345191696,42666.52,0.04692,buy
2024-01-01T11:31:51.117Z,BTC,USDT,BINANCE,3345191697,42666.51,0.00823,sell
2024-01-01T11:31:51.296Z,BTC,USDT,BINANCE,3345191698,42666.51,0.00241,sell
2024-01-01T11:31:51.394Z,BTC,USDT,BINANCE,3345191699,42666.52,0.00822,buy
2024-01-01T11:31:51.812Z,BTC,USDT,BINANCE,3345191700,42666.52,0.02348,buy
2024-01-01T11:31:52.446Z,BTC,USDT,BINANCE,3345191701,42666.52,0.04692,buy
2024-01-01T11:31:53.280Z,BTC,USDT,BINANCE,3345191702,42666.52,0.02348,buy
2024-01-01T11:31:53.296Z,BTC,USDT,BINANCE,3345191703,42666.52,0.00424,buy
2024-01-01T11:31:53.663Z,BTC,USDT,BINANCE,3345191704,42666.52,0.02348,buy
2024-01-01T11:31:53.831Z,BTC,USDT,BINANCE,3345191705,42666.52,0.00012,buy
2024-01-01T11:31:54.032Z,BTC,USDT,BINANCE,3345191706,42666.52,0.04692,buy
2024-01-01T11:31:55.608Z,BTC,USDT,BINANCE,3345191707,42666.52,0.04692,buy
2024-01-01T11:31:56.525Z,BTC,USDT,BINANCE,3345191708,42666.51,0.00025,sell
2024-01-01T11:31:57.048Z,BTC,USDT,BINANCE,3345191709,42666.51,0.00624,sell
2024-01-01T11:31:57.151Z,BTC,USDT,BINANCE,3345191711,42666.52,0.01612,buy
2024-01-01T11:31:57.151Z,BTC,USDT,BINANCE,3345191710,42666.52,0.00736,buy
2024-01-01T11:31:57.225Z,BTC,USDT,BINANCE,3345191712,42666.51,0.01173,sell
2024-01-01T11:31:57.296Z,BTC,USDT,BINANCE,3345191713,42666.52,0.00062,buy
2024-01-01T11:31:57.472Z,BTC,USDT,BINANCE,3345191714,42666.51,0.00058,sell
2024-01-01T11:31:57.545Z,BTC,USDT,BINANCE,3345191715,42666.51,0.00034,sell
2024-01-01T11:31:57.605Z,BTC,USDT,BINANCE,3345191716,42666.52,0.04692,buy
2024-01-01T11:31:57.878Z,BTC,USDT,BINANCE,3345191717,42666.52,0.00039,buy
2024-01-01T11:31:57.902Z,BTC,USDT,BINANCE,3345191718,42666.52,0.00039,buy
2024-01-01T11:31:57.926Z,BTC,USDT,BINANCE,3345191719,42666.52,0.00039,buy
2024-01-01T11:31:57.952Z,BTC,USDT,BINANCE,3345191720,42666.52,0.00039,buy
2024-01-01T11:31:57.978Z,BTC,USDT,BINANCE,3345191721,42666.52,0.00039,buy
2024-01-01T11:31:58.003Z,BTC,USDT,BINANCE,3345191722,42666.52,0.00039,buy
2024-01-01T11:31:58.502Z,BTC,USDT,BINANCE,3345191723,42666.52,0.00019,buy
2024-01-01T11:31:58.526Z,BTC,USDT,BINANCE,3345191726,42666.51,0.00936,sell
2024-01-01T11:31:58.526Z,BTC,USDT,BINANCE,3345191725,42666.51,0.0019,sell
