timestamp,symbol,base,market_venue,id,price,volume,side
2024-01-01T11:30:23.973517Z,BTC,USDT,KRAKEN,de6e2d196f1b4069f803352d1b5f5fa5,42686.5,0.00096044,sell
2024-01-01T11:30:50.125286Z,BTC,USDT,KRAKEN,fe5d378a343d954fcee2be6c0b07512d,42673.2,0.07,sell
2024-01-01T11:30:50.125286Z,BTC,USDT,KRAKEN,1bea5ec9fb99fe94d0610d22301969bb,42673.2,0.10292988,sell
2024-01-01T11:30:50.125286Z,BTC,USDT,KRAKEN,6b5cdef9a762e37c9a646ba240061b86,42670.9,0.22677471,sell
2024-01-01T11:30:50.125286Z,BTC,USDT,KRAKEN,b19a0f4462277a614b3726f9c214dc9c,42673.2,0.58593128,sell
2024-01-01T11:30:50.125286Z,BTC,USDT,KRAKEN,737bfa4809fd1da2179e35a03e84ba2a,42672.7,0.01436413,sell
2024-01-01T11:30:59.432160Z,BTC,USDT,KRAKEN,5f933c3cb5ad4ce70ca1cb79c644fbb8,42675.6,0.00228566,buy
2024-01-01T11:31:34.395436Z,BTC,USDT,KRAKEN,ef3a7f51acf4bef397f466f731de8004,42655.1,0.13044055,sell
2024-01-01T11:31:34.395436Z,BTC,USDT,KRAKEN,2201532bb5028db2a204b256b7b8b57c,42652.9,0.04644361,sell
2024-01-01T11:31:34.395435Z,BTC,USDT,KRAKEN,13bdf32638f61faeca9a97c88c1c112f,42663.0,0.58607023,sell
2024-01-01T11:31:34.395436Z,BTC,USDT,KRAKEN,1764e3554dfee4a53e09b44aa7c4dd2a,42654.2,0.0937454,sell
2024-01-01T11:31:34.395436Z,BTC,USDT,KRAKEN,709e8847dd6e7b464df04828640670ed,42658.0,0.10292988,sell
2024-01-01T11:31:34.395435Z,BTC,USDT,KRAKEN,feb3c6359bb0f906d3ffa825a511f3d5,42664.0,0.05730042,sell
2024-01-01T11:31:34.395435Z,BTC,USDT,KRAKEN,fbf0196c6152dfc44af9c36efd1a6667,42661.3,0.01421322,sell
2024-01-01T11:31:34.395436Z,BTC,USDT,KRAKEN,a34b193367c160d1a35ae90126f9e954,42658.2,0.59911949,sell
2024-01-01T11:31:34.395436Z,BTC,USDT,KRAKEN,bc1aab42ad0bbd66c5046812cb7981fd,42653.3,1.53692507,sell
2024-01-01T11:31:34.395436Z,BTC,USDT,KRAKEN,4547d3ea751b973d7fc1b65ff023485f,42656.2,0.10008507,sell
2024-01-01T11:31:34.395435Z,BTC,USDT,KRAKEN,394260dfa07b669c70feb08221a4698b,42660.1,0.05,sell
2024-01-01T11:31:34.395436Z,BTC,USDT,KRAKEN,0e28dbcad632ef1f0a0cf80de5a66ecc,42655.1,0.15925945,sell
2024-01-01T11:31:34.395435Z,BTC,USDT,KRAKEN,c400087693a30171dd3afaa59beecdbf,42660.1,0.58610957,sell
2024-01-01T11:31:34.395435Z,BTC,USDT,KRAKEN,18a5aff3d73a354dba2eac44858c1d00,42662.0,0.07,sell
2024-01-01T11:31:34.395435Z,BTC,USDT,KRAKEN,7eb7d4732851cbcf74d41e24efbb8419,42664.0,0.06,sell
2024-01-01T11:31:34.395435Z,BTC,USDT,KRAKEN,7647012b5b65c44f192620ef375c81b7,42659.7,0.0712,sell
2024-01-01T11:31:34.395436Z,BTC,USDT,KRAKEN,214d7f0d53d679eb9b1239ab3559e2de,42653.5,0.15,sell
2024-01-01T11:31:34.395436Z,BTC,USDT,KRAKEN,1d0e8f0a3f0ceab34b3ad052472f74a6,42656.6,0.58615804,sell
2024-01-01T11:31:42.598272Z,BTC,USDT,KRAKEN,248866bc88bcd0319ae0502208b06c2a,42666.6,0.00093033,buy
2024-01-01T11:32:54.866427Z,BTC,USDT,KRAKEN,5ec3fa902e5a73f5af64a8a4537d988f,42618.9,0.0712,sell
2024-01-01T11:32:54.866427Z,BTC,USDT,KRAKEN,0f0063c1beed602bfe1ba638b225102f,42610.4,0.29298181,sell
2024-01-01T11:32:54.866427Z,BTC,USDT,KRAKEN,5a2dda80d4f98b572d8c92e2a5d054dc,42631.0,0.59347219,sell
2024-01-01T11:32:54.866427Z,BTC,USDT,KRAKEN,7c77b9354fc04b64f6532ddbaa22e080,42607.6,0.0366,sell
2024-01-01T11:32:54.866427Z,BTC,USDT,KRAKEN,5fa45a3f7e5ce7a04e7b4c5d59f446f5,42620.3,0.13418515,sell
2024-01-01T11:32:54.866427Z,BTC,USDT,KRAKEN,3db46eccdc0ead109ad7fbb0e845464e,42612.7,0.58676368,sell
2024-01-01T11:32:54.866427Z,BTC,USDT,KRAKEN,adfbac48d5fbd003c627c9f221cab6df,42610.3,0.02808655,sell
2024-01-01T11:32:54.866427Z,BTC,USDT,KRAKEN,d0a71c2509bf716c2bbb14e01d9bf050,42621.5,0.16045945,sell
2024-01-01T11:32:54.866427Z,BTC,USDT,KRAKEN,0feda6a8562183c039fbec29bdb8a5f4,42602.3,0.4440547,sell
2024-01-01T11:32:54.866427Z,BTC,USDT,KRAKEN,52a2396c30b04650138d0ecdd83b9816,42623.7,0.01440356,sell
2024-01-01T11:32:54.866427Z,BTC,USDT,KRAKEN,6e2d9096500d8ddf101f691d6e5dfb90,42631.2,0.0712,sell
2024-01-01T11:32:54.866427Z,BTC,USDT,KRAKEN,a4911089ae72bc2e48b8a23028abb2fb,42606.3,0.00023471,sell
2024-01-01T11:32:54.866427Z,BTC,USDT,KRAKEN,b512dd1d727f76cf64f082a8723f977e,42630.2,0.00233718,sell
2024-01-01T11:32:54.866427Z,BTC,USDT,KRAKEN,dfdfc7ba7c76302c0699512404e15225,42605.6,0.0712,sell
2024-01-01T11:32:54.866427Z,BTC,USDT,KRAKEN,916dab5624803de2e31307d05cc714b5,42625.4,0.0712,sell
2024-01-01T11:32:54.866427Z,BTC,USDT,KRAKEN,e8fc299c5293b884fdff1387742bd052,42628.4,0.58654748,sell
2024-01-01T11:32:54.866427Z,BTC,USDT,KRAKEN,b7e2acfe9315c7f4964374ae5d9d8633,42609.9,0.0712,sell
2024-01-01T11:32:54.866427Z,BTC,USDT,KRAKEN,371886b17b4bb20f86dcb056d074fb57,42620.2,0.15,sell
2024-01-01T11:32:54.866427Z,BTC,USDT,KRAKEN,13baa5e89984a9e5bf763375e0fdadd2,42621.5,0.12924055,sell
2024-01-01T11:32:54.866427Z,BTC,USDT,KRAKEN,62c40383401ebada80f0d809e018a35d,42625.8,0.07,sell
2024-01-01T11:32:54.866427Z,BTC,USDT,KRAKEN,6706090a19456fbbe21ab17b67af185d,42624.7,0.05,sell
2024-01-01T11:32:54.866427Z,BTC,USDT,KRAKEN,32f3c67c04dfe5f2470ce86936374af2,42631.2,0.01726941,sell
2024-01-01T11:32:54.866427Z,BTC,USDT,KRAKEN,c32b00f03a06fa7cb2aa534c549829e0,42617.6,0.10292988,sell
2024-01-01T11:32:54.866427Z,BTC,USDT,KRAKEN,010eccce814005a72f056432696c162f,42625.4,0.58658859,sell
2024-01-01T11:32:54.866427Z,BTC,USDT,KRAKEN,f3828025185936d3b7e3a1346d0c18ef,42621.3,0.58664511,sell
2024-01-01T11:36:20.299876Z,BTC,USDT,KRAKEN,ff0b9c1f10f2d07a572a5c28ca552e6e,42657.0,0.00159709,buy
2024-01-01T11:36:23.001124Z,BTC,USDT,KRAKEN,874eb52e0b5e480e4c8a9943535e5a5a,42657.0,0.00058018,buy
2024-01-01T11:36:27.913009Z,BTC,USDT,KRAKEN,b6b1b40573f6e647bc75a1c57b83ee11,42657.0,0.00130348,buy
2024-01-01T11:37:35.049588Z,BTC,USDT,KRAKEN,838b0273e4ef1d5f3e4842bb0056fc55,42643.1,0.00770512,buy
2024-01-01T11:37:35.049588Z,BTC,USDT,KRAKEN,0b2bb87ce3bbf01ab96cddc45e4d250c,42644.9,0.0712,buy
2024-01-01T11:37:35.049588Z,BTC,USDT,KRAKEN,faa05d8f1ff12d03e568df51fce6de6a,42644.7,0.07,buy
2024-01-01T11:37:35.049588Z,BTC,USDT,KRAKEN,e3d072ef6d3fe4d2d5213591484f59f8,42645.1,0.23557679,buy
2024-01-01T11:37:35.049588Z,BTC,USDT,KRAKEN,d3c25ed43d7e8b816dd43920f3036fe0,42640.6,0.10796725,buy
2024-01-01T11:41:20.519446Z,BTC,USDT,KRAKEN,c360b5a345982b7502f536232ed06c8c,42626.8,0.00028457,buy
2024-01-01T11:45:02.637591Z,BTC,USDT,KRAKEN,237f3693829f522ba2d6687ce4b9fa9a,42610.3,0.06396881,sell
2024-01-01T11:47:16.519775Z,BTC,USDT,KRAKEN,3888a1df3ec8116a071eaea8115d9280,42610.5,0.00775561,buy
2024-01-01T11:47:28.338088Z,BTC,USDT,KRAKEN,393ffb2a45645770f9e65d259f0727bb,42610.4,0.025,sell
