timestamp,symbol,base,market_venue,id,price,volume,side
2024-01-01T11:30:00.187Z,BTC,USDT,BYBIT,2290000000092209680,42680.29,0.000515,sell
2024-01-01T11:30:00.908Z,BTC,USDT,BYBIT,2290000000092209681,42680.29,0.000985,sell
2024-01-01T11:30:00.918Z,BTC,USDT,BYBIT,2290000000092209686,42680.0,0.00125,sell
2024-01-01T11:30:00.918Z,BTC,USDT,BYBIT,2290000000092209683,42680.0,0.00213,sell
2024-01-01T11:30:00.918Z,BTC,USDT,BYBIT,2290000000092209688,42679.0,0.00087,sell
2024-01-01T11:30:00.918Z,BTC,USDT,BYBIT,2290000000092209689,42679.0,0.00213,sell
2024-01-01T11:30:00.918Z,BTC,USDT,BYBIT,2290000000092209684,42680.0,0.0024,sell
2024-01-01T11:30:00.918Z,BTC,USDT,BYBIT,2290000000092209682,42680.01,0.06,sell
2024-01-01T11:30:00.918Z,BTC,USDT,BYBIT,2290000000092209685,42680.0,0.000198,sell
2024-01-01T11:30:00.918Z,BTC,USDT,BYBIT,2290000000092209687,42680.0,0.000255,sell
2024-01-01T11:30:01.313Z,BTC,USDT,BYBIT,2290000000092209690,42678.05,0.0234,buy
2024-01-01T11:30:02.120Z,BTC,USDT,BYBIT,2290000000092209691,42678.05,0.000164,buy
2024-01-01T11:30:04.673Z,BTC,USDT,BYBIT,2290000000092209692,42678.04,0.004533,sell
2024-01-01T11:30:05.050Z,BTC,USDT,BYBIT,2290000000092209693,42678.05,0.0234,buy
2024-01-01T11:30:06.991Z,BTC,USDT,BYBIT,2290000000092209694,42678.05,0.00951,buy
2024-01-01T11:30:08.768Z,BTC,USDT,BYBIT,2290000000092209695,42678.05,0.0234,buy
2024-01-01T11:30:10.208Z,BTC,USDT,BYBIT,2290000000092209696,42678.05,0.000164,buy
2024-01-01T11:30:11.021Z,BTC,USDT,BYBIT,2290000000092209697,42678.04,0.000715,sell
2024-01-01T11:30:18.261Z,BTC,USDT,BYBIT,2290000000092209698,42678.05,0.007551,buy
2024-01-01T11:30:18.267Z,BTC,USDT,BYBIT,2290000000092209699,42678.05,0.008142,buy
2024-01-01T11:30:18.268Z,BTC,USDT,BYBIT,2290000000092209700,42678.05,0.010682,buy
2024-01-01T11:30:18.277Z,BTC,USDT,BYBIT,2290000000092209701,42678.05,0.009258,buy
2024-01-01T11:30:18.672Z,BTC,USDT,BYBIT,2290000000092209703,42678.05,0.0001,buy
2024-01-01T11:30:18.672Z,BTC,USDT,BYBIT,2290000000092209704,42678.05,0.008525,buy
2024-01-01T11:30:18.672Z,BTC,USDT,BYBIT,2290000000092209702,42678.05,0.000803,buy
2024-01-01T11:30:19.326Z,BTC,USDT,BYBIT,2290000000092209706,42678.05,0.281173,buy
2024-01-01T11:30:19.326Z,BTC,USDT,BYBIT,2290000000092209707,42678.05,0.053191,buy
2024-01-01T11:30:19.326Z,BTC,USDT,BYBIT,2290000000092209705,42678.05,0.108609,buy
2024-01-01T11:30:19.330Z,BTC,USDT,BYBIT,2290000000092209708,42679.99,0.043741,buy
2024-01-01T11:30:19.372Z,BTC,USDT,BYBIT,2290000000092209709,42681.53,0.281157,buy
2024-01-01T11:30:19.373Z,BTC,USDT,BYBIT,2290000000092209710,42681.54,0.06,buy
2024-01-01T11:30:19.470Z,BTC,USDT,BYBIT,2290000000092209711,42683.26,0.0234,buy
2024-01-01T11:30:21.343Z,BTC,USDT,BYBIT,2290000000092209713,42683.26,0.0001,buy
2024-01-01T11:30:21.343Z,BTC,USDT,BYBIT,2290000000092209714,42683.26,0.12,buy
2024-01-01T11:30:21.343Z,BTC,USDT,BYBIT,2290000000092209712,42683.26,0.005526,buy
2024-01-01T11:30:21.362Z,BTC,USDT,BYBIT,2290000000092209715,42683.29,0.0015,buy
2024-01-01T11:30:21.915Z,BTC,USDT,BYBIT,2290000000092209716,42683.99,0.010285,sell
2024-01-01T11:30:21.916Z,BTC,USDT,BYBIT,2290000000092209717,42683.99,0.010172,sell
2024-01-01T11:30:21.933Z,BTC,USDT,BYBIT,2290000000092209718,42684.0,0.007198,buy
2024-01-01T11:30:21.976Z,BTC,USDT,BYBIT,2290000000092209719,42683.99,0.001937,sell
2024-01-01T11:30:22.161Z,BTC,USDT,BYBIT,2290000000092209720,42684.0,0.002083,buy
2024-01-01T11:30:22.188Z,BTC,USDT,BYBIT,2290000000092209721,42684.0,0.004565,buy
2024-01-01T11:30:22.204Z,BTC,USDT,BYBIT,2290000000092209722,42684.0,0.002781,buy
2024-01-01T11:30:22.266Z,BTC,USDT,BYBIT,2290000000092209723,42684.0,0.003472,buy
2024-01-01T11:30:22.390Z,BTC,USDT,BYBIT,2290000000092209724,42684.0,0.092901,buy
2024-01-01T11:30:22.390Z,BTC,USDT,BYBIT,2290000000092209725,42684.0,0.281141,buy
2024-01-01T11:30:22.393Z,BTC,USDT,BYBIT,2290000000092209727,42685.51,0.012896,buy
2024-01-01T11:30:22.393Z,BTC,USDT,BYBIT,2290000000092209726,42685.0,0.00087,buy
2024-01-01T11:30:23.220Z,BTC,USDT,BYBIT,2290000000092209728,42685.51,0.194429,buy
2024-01-01T11:30:24.519Z,BTC,USDT,BYBIT,2290000000092209729,42685.51,0.097215,buy
2024-01-01T11:30:25.828Z,BTC,USDT,BYBIT,2290000000092209730,42685.5,0.000469,sell
2024-01-01T11:30:25.998Z,BTC,USDT,BYBIT,2290000000092209731,42685.51,0.048607,buy
2024-01-01T11:30:27.187Z,BTC,USDT,BYBIT,2290000000092209732,42685.5,0.000151,sell
2024-01-01T11:30:29.345Z,BTC,USDT,BYBIT,2290000000092209733,42685.51,0.002342,buy
2024-01-01T11:30:29.943Z,BTC,USDT,BYBIT,2290000000092209734,42685.51,0.024304,buy
2024-01-01T11:30:30.471Z,BTC,USDT,BYBIT,2290000000092209735,42685.51,0.001296,buy
2024-01-01T11:30:30.837Z,BTC,USDT,BYBIT,2290000000092209737,42685.5,0.0001,sell
2024-01-01T11:30:30.837Z,BTC,USDT,BYBIT,2290000000092209736,42685.5,0.059374,sell
2024-01-01T11:30:30.839Z,BTC,USDT,BYBIT,2290000000092209738,42684.01,0.022079,sell
2024-01-01T11:30:30.950Z,BTC,USDT,BYBIT,2290000000092209739,42682.01,0.0234,buy
2024-01-01T11:30:31.075Z,BTC,USDT,BYBIT,2290000000092209740,42682.01,0.345587,buy
2024-01-01T11:30:32.143Z,BTC,USDT,BYBIT,2290000000092209741,42682.01,2.3e-05,buy
2024-01-01T11:30:33.294Z,BTC,USDT,BYBIT,2290000000092209742,42682.01,0.281228,buy
2024-01-01T11:30:33.294Z,BTC,USDT,BYBIT,2290000000092209743,42682.01,0.064387,buy
2024-01-01T11:30:34.222Z,BTC,USDT,BYBIT,2290000000092209744,42682.01,0.000234,buy
2024-01-01T11:30:39.333Z,BTC,USDT,BYBIT,2290000000092209745,42682.0,0.001424,sell
2024-01-01T11:30:39.894Z,BTC,USDT,BYBIT,2290000000092209746,42682.01,0.197284,buy
2024-01-01T11:30:40.332Z,BTC,USDT,BYBIT,2290000000092209747,42680.29,0.0015,sell
2024-01-01T11:30:40.332Z,BTC,USDT,BYBIT,2290000000092209748,42679.75,0.003449,sell
2024-01-01T11:30:40.590Z,BTC,USDT,BYBIT,2290000000092209749,42679.01,0.0234,buy
2024-01-01T11:30:43.829Z,BTC,USDT,BYBIT,2290000000092209750,42679.0,0.00087,sell
2024-01-01T11:30:43.836Z,BTC,USDT,BYBIT,2290000000092209752,42678.0,0.000255,sell
2024-01-01T11:30:43.836Z,BTC,USDT,BYBIT,2290000000092209753,42678.0,0.00213,sell
2024-01-01T11:30:43.836Z,BTC,USDT,BYBIT,2290000000092209751,42678.0,0.000198,sell
2024-01-01T11:30:43.871Z,BTC,USDT,BYBIT,2290000000092209754,42677.76,0.0001,sell
2024-01-01T11:30:43.871Z,BTC,USDT,BYBIT,2290000000092209756,42677.12,0.0001,sell
2024-01-01T11:30:43.871Z,BTC,USDT,BYBIT,2290000000092209755,42677.29,0.0015,sell
2024-01-01T11:30:43.931Z,BTC,USDT,BYBIT,2290000000092209758,42677.01,0.02255,buy
2024-01-01T11:30:43.931Z,BTC,USDT,BYBIT,2290000000092209757,42677.01,0.00085,buy
2024-01-01T11:30:45.755Z,BTC,USDT,BYBIT,2290000000092209759,42677.01,0.027582,buy
2024-01-01T11:30:46.036Z,BTC,USDT,BYBIT,2290000000092209760,42677.01,0.004615,buy
2024-01-01T11:30:47.567Z,BTC,USDT,BYBIT,2290000000092209761,42677.01,0.00339,buy
2024-01-01T11:30:51.286Z,BTC,USDT,BYBIT,2290000000092209762,42677.01,0.019957,buy
2024-01-01T11:30:52.999Z,BTC,USDT,BYBIT,2290000000092209763,42677.01,0.000376,buy
2024-01-01T11:30:54.107Z,BTC,USDT,BYBIT,2290000000092209764,42677.01,0.003425,buy
2024-01-01T11:30:54.427Z,BTC,USDT,BYBIT,2290000000092209765,42677.01,0.007469,buy
2024-01-01T11:30:54.427Z,BTC,USDT,BYBIT,2290000000092209766,42677.01,0.000702,buy
2024-01-01T11:30:56.330Z,BTC,USDT,BYBIT,2290000000092209767,42677.01,0.000374,buy
2024-01-01T11:31:00.292Z,BTC,USDT,BYBIT,2290000000092209768,42677.0,0.000112,sell
2024-01-01T11:31:01.143Z,BTC,USDT,BYBIT,2290000000092209769,42677.01,0.001162,buy
2024-01-01T11:31:01.167Z,BTC,USDT,BYBIT,2290000000092209770,42677.01,0.000117,buy
2024-01-01T11:31:04.025Z,BTC,USDT,BYBIT,2290000000092209773,42677.0,0.00125,sell
2024-01-01T11:31:04.025Z,BTC,USDT,BYBIT,2290000000092209772,42677.0,0.000255,sell
2024-01-01T11:31:04.025Z,BTC,USDT,BYBIT,2290000000092209774,42677.0,0.01395,sell
2024-01-01T11:31:04.025Z,BTC,USDT,BYBIT,2290000000092209771,42677.0,0.002018,sell
2024-01-01T11:31:05.789Z,BTC,USDT,BYBIT,2290000000092209786,42673.0,0.0025,sell
2024-01-01T11:31:05.789Z,BTC,USDT,BYBIT,2290000000092209781,42674.0,0.113,sell
2024-01-01T11:31:05.789Z,BTC,USDT,BYBIT,2290000000092209785,42673.0,0.00087,sell
2024-01-01T11:31:05.789Z,BTC,USDT,BYBIT,2290000000092209776,42676.44,0.0234,sell
2024-01-01T11:31:05.789Z,BTC,USDT,BYBIT,2290000000092209787,42672.44,0.026457,sell
2024-01-01T11:31:05.789Z,BTC,USDT,BYBIT,2290000000092209778,42675.0,0.086,sell
2024-01-01T11:31:05.789Z,BTC,USDT,BYBIT,2290000000092209780,42674.0,0.000198,sell
2024-01-01T11:31:05.789Z,BTC,USDT,BYBIT,2290000000092209784,42673.0,0.00125,sell
2024-01-01T11:31:05.789Z,BTC,USDT,BYBIT,2290000000092209777,42676.0,0.113,sell
2024-01-01T11:31:05.789Z,BTC,USDT,BYBIT,2290000000092209783,42673.01,0.023432,sell
2024-01-01T11:31:05.789Z,BTC,USDT,BYBIT,2290000000092209779,42674.29,0.0015,sell
2024-01-01T11:31:05.789Z,BTC,USDT,BYBIT,2290000000092209782,42673.72,0.002343,sell
2024-01-01T11:31:05.789Z,BTC,USDT,BYBIT,2290000000092209775,42677.0,0.10605,sell
2024-01-01T11:31:06.399Z,BTC,USDT,BYBIT,2290000000092209788,42672.06,0.003335,sell
2024-01-01T11:31:06.400Z,BTC,USDT,BYBIT,2290000000092209793,42672.0,0.0024,sell
2024-01-01T11:31:06.400Z,BTC,USDT,BYBIT,2290000000092209794,42672.0,0.000255,sell
2024-01-01T11:31:06.400Z,BTC,USDT,BYBIT,2290000000092209791,42672.0,0.000249,sell
2024-01-01T11:31:06.400Z,BTC,USDT,BYBIT,2290000000092209790,42672.01,0.00464,sell
2024-01-01T11:31:06.400Z,BTC,USDT,BYBIT,2290000000092209789,42672.06,0.024967,sell
2024-01-01T11:31:06.400Z,BTC,USDT,BYBIT,2290000000092209792,42672.0,0.00213,sell
2024-01-01T11:31:06.453Z,BTC,USDT,BYBIT,2290000000092209795,42671.29,0.0015,sell
2024-01-01T11:31:06.540Z,BTC,USDT,BYBIT,2290000000092209798,42670.83,0.000327,sell
2024-01-01T11:31:06.540Z,BTC,USDT,BYBIT,2290000000092209797,42671.0,0.000255,sell
2024-01-01T11:31:06.540Z,BTC,USDT,BYBIT,2290000000092209796,42671.0,0.00273,sell
2024-01-01T11:31:06.578Z,BTC,USDT,BYBIT,2290000000092209801,42670.0,0.00213,sell
2024-01-01T11:31:06.578Z,BTC,USDT,BYBIT,2290000000092209799,42670.0,0.000198,sell
2024-01-01T11:31:06.578Z,BTC,USDT,BYBIT,2290000000092209800,42670.0,0.000255,sell
2024-01-01T11:31:08.979Z,BTC,USDT,BYBIT,2290000000092209802,42669.79,0.000151,buy
2024-01-01T11:31:12.464Z,BTC,USDT,BYBIT,2290000000092209803,42669.78,0.000853,sell
2024-01-01T11:31:15.977Z,BTC,USDT,BYBIT,2290000000092209804,42669.79,0.0234,buy
2024-01-01T11:31:17.049Z,BTC,USDT,BYBIT,2290000000092209805,42669.78,0.003476,sell
2024-01-01T11:31:21.165Z,BTC,USDT,BYBIT,2290000000092209806,42669.79,2.3e-05,buy
2024-01-01T11:31:21.657Z,BTC,USDT,BYBIT,2290000000092209809,42669.78,0.000398,sell
2024-01-01T11:31:21.657Z,BTC,USDT,BYBIT,2290000000092209811,42668.02,0.008143,sell
2024-01-01T11:31:21.657Z,BTC,USDT,BYBIT,2290000000092209808,42669.78,0.001166,sell
2024-01-01T11:31:21.657Z,BTC,USDT,BYBIT,2290000000092209810,42668.29,0.0015,sell
2024-01-01T11:31:21.657Z,BTC,USDT,BYBIT,2290000000092209807,42669.78,0.006984,sell
2024-01-01T11:31:22.938Z,BTC,USDT,BYBIT,2290000000092209812,42668.01,0.010449,buy
2024-01-01T11:31:23.323Z,BTC,USDT,BYBIT,2290000000092209813,42668.0,0.000198,sell
2024-01-01T11:31:23.323Z,BTC,USDT,BYBIT,2290000000092209815,42668.0,8.5e-05,sell
2024-01-01T11:31:23.323Z,BTC,USDT,BYBIT,2290000000092209814,42668.0,0.00213,sell
2024-01-01T11:31:24.092Z,BTC,USDT,BYBIT,2290000000092209816,42668.01,0.0234,buy
2024-01-01T11:31:25.488Z,BTC,USDT,BYBIT,2290000000092209817,42668.0,0.002115,sell
2024-01-01T11:31:25.490Z,BTC,USDT,BYBIT,2290000000092209818,42667.74,0.028628,sell
2024-01-01T11:31:27.199Z,BTC,USDT,BYBIT,2290000000092209819,42667.0,0.00087,sell
2024-01-01T11:31:31.914Z,BTC,USDT,BYBIT,2290000000092209820,42666.01,0.002343,buy
2024-01-01T11:31:32.289Z,BTC,USDT,BYBIT,2290000000092209821,42666.01,4.2e-05,buy
2024-01-01T11:31:32.809Z,BTC,USDT,BYBIT,2290000000092209822,42666.01,0.000375,buy
2024-01-01T11:31:34.993Z,BTC,USDT,BYBIT,2290000000092209823,42666.0,0.001186,sell
2024-01-01T11:31:37.365Z,BTC,USDT,BYBIT,2290000000092209824,42666.01,0.004607,buy
2024-01-01T11:31:37.366Z,BTC,USDT,BYBIT,2290000000092209825,42666.01,0.011803,buy
2024-01-01T11:31:38.188Z,BTC,USDT,BYBIT,2290000000092209826,42666.01,2.3e-05,buy
2024-01-01T11:31:38.191Z,BTC,USDT,BYBIT,2290000000092209827,42666.01,0.000651,buy
2024-01-01T11:31:38.687Z,BTC,USDT,BYBIT,2290000000092209828,42666.0,0.009172,sell
2024-01-01T11:31:48.384Z,BTC,USDT,BYBIT,2290000000092209829,42666.0,0.102642,sell
2024-01-01T11:31:48.384Z,BTC,USDT,BYBIT,2290000000092209831,42666.0,0.02865,sell
2024-01-01T11:31:48.384Z,BTC,USDT,BYBIT,2290000000092209830,42666.0,0.0633,sell
2024-01-01T11:31:48.384Z,BTC,USDT,BYBIT,2290000000092209832,42666.0,0.024998,sell
2024-01-01T11:31:49.461Z,BTC,USDT,BYBIT,2290000000092209833,42666.0,0.01641,sell
2024-01-01T11:31:50.323Z,BTC,USDT,BYBIT,2290000000092209834,42666.01,2.3e-05,buy
2024-01-01T11:31:50.851Z,BTC,USDT,BYBIT,2290000000092209835,42666.01,0.0234,buy
2024-01-01T11:31:56.308Z,BTC,USDT,BYBIT,2290000000092209836,42666.0,0.002103,sell
2024-01-01T11:31:56.389Z,BTC,USDT,BYBIT,2290000000092209837,42666.01,0.007031,buy
2024-01-01T11:31:58.679Z,BTC,USDT,BYBIT,2290000000092209838,42666.0,0.010188,sell
2024-01-01T11:31:59.197Z,BTC,USDT,BYBIT,2290000000092209839,42666.01,0.005058,buy
2024-01-01T11:32:04.214Z,BTC,USDT,BYBIT,2290000000092209840,42666.01,7e-05,buy
2024-01-01T11:32:04.671Z,BTC,USDT,BYBIT,2290000000092209844,42666.01,0.001337,buy
2024-01-01T11:32:04.671Z,BTC,USDT,BYBIT,2290000000092209846,42666.01,0.018481,buy
2024-01-01T11:32:04.671Z,BTC,USDT,BYBIT,2290000000092209842,42666.01,4.9e-05,buy
2024-01-01T11:32:04.671Z,BTC,USDT,BYBIT,2290000000092209845,42666.01,0.000284,buy
2024-01-01T11:32:04.671Z,BTC,USDT,BYBIT,2290000000092209841,42666.01,0.003015,buy
2024-01-01T11:32:04.671Z,BTC,USDT,BYBIT,2290000000092209843,42666.01,0.000234,buy
2024-01-01T11:32:16.116Z,BTC,USDT,BYBIT,2290000000092209847,42666.0,0.000978,sell
2024-01-01T11:32:16.863Z,BTC,USDT,BYBIT,2290000000092209848,42666.01,0.001392,buy
2024-01-01T11:32:16.988Z,BTC,USDT,BYBIT,2290000000092209849,42666.01,0.001031,buy
2024-01-01T11:32:23.896Z,BTC,USDT,BYBIT,2290000000092209850,42666.0,0.000403,sell
2024-01-01T11:32:24.220Z,BTC,USDT,BYBIT,2290000000092209851,42666.01,2.3e-05,buy
2024-01-01T11:32:24.613Z,BTC,USDT,BYBIT,2290000000092209853,42665.99,0.0001,sell
2024-01-01T11:32:24.613Z,BTC,USDT,BYBIT,2290000000092209852,42666.0,0.037274,sell
2024-01-01T11:32:24.620Z,BTC,USDT,BYBIT,2290000000092209857,42665.0,0.001242,sell
2024-01-01T11:32:24.620Z,BTC,USDT,BYBIT,2290000000092209858,42665.0,0.008488,sell
2024-01-01T11:32:24.620Z,BTC,USDT,BYBIT,2290000000092209855,42665.0,0.00125,sell
2024-01-01T11:32:24.620Z,BTC,USDT,BYBIT,2290000000092209859,42664.92,0.02586,sell
2024-01-01T11:32:24.620Z,BTC,USDT,BYBIT,2290000000092209856,42665.0,0.000255,sell
2024-01-01T11:32:24.620Z,BTC,USDT,BYBIT,2290000000092209854,42665.29,0.0015,sell
2024-01-01T11:32:24.705Z,BTC,USDT,BYBIT,2290000000092209862,42664.0,0.000198,sell
2024-01-01T11:32:24.705Z,BTC,USDT,BYBIT,2290000000092209860,42664.0,0.0024,sell
2024-01-01T11:32:24.705Z,BTC,USDT,BYBIT,2290000000092209861,42664.0,0.00213,sell
2024-01-01T11:32:24.886Z,BTC,USDT,BYBIT,2290000000092209863,42663.08,0.0234,buy
2024-01-01T11:32:25.010Z,BTC,USDT,BYBIT,2290000000092209864,42663.07,0.023436,sell
2024-01-01T11:32:25.010Z,BTC,USDT,BYBIT,2290000000092209865,42662.29,0.0015,sell
2024-01-01T11:32:25.082Z,BTC,USDT,BYBIT,2290000000092209867,42662.0,0.000255,sell
2024-01-01T11:32:25.082Z,BTC,USDT,BYBIT,2290000000092209866,42662.0,0.000198,sell
2024-01-01T11:32:27.209Z,BTC,USDT,BYBIT,2290000000092209868,42661.0,0.00087,sell
2024-01-01T11:32:27.209Z,BTC,USDT,BYBIT,2290000000092209870,42660.0,0.112131,sell
2024-01-01T11:32:27.209Z,BTC,USDT,BYBIT,2290000000092209869,42660.0,0.086,sell
2024-01-01T11:32:27.210Z,BTC,USDT,BYBIT,2290000000092209871,42660.0,0.000869,sell
2024-01-01T11:32:27.212Z,BTC,USDT,BYBIT,2290000000092209872,42659.29,0.0015,sell
2024-01-01T11:32:30.328Z,BTC,USDT,BYBIT,2290000000092209873,42658.01,0.000117,buy
2024-01-01T11:32:32.240Z,BTC,USDT,BYBIT,2290000000092209874,42658.01,4.6e-05,buy
2024-01-01T11:32:34.309Z,BTC,USDT,BYBIT,2290000000092209875,42658.01,4.6e-05,buy
2024-01-01T11:32:36.911Z,BTC,USDT,BYBIT,2290000000092209876,42658.01,0.0234,buy
2024-01-01T11:32:38.208Z,BTC,USDT,BYBIT,2290000000092209877,42658.01,0.000234,buy
2024-01-01T11:32:47.604Z,BTC,USDT,BYBIT,2290000000092209885,42656.0,0.00213,sell
2024-01-01T11:32:47.604Z,BTC,USDT,BYBIT,2290000000092209883,42656.29,0.0015,sell
2024-01-01T11:32:47.604Z,BTC,USDT,BYBIT,2290000000092209879,42658.0,0.023397,sell
2024-01-01T11:32:47.604Z,BTC,USDT,BYBIT,2290000000092209887,42656.0,0.113,sell
2024-01-01T11:32:47.604Z,BTC,USDT,BYBIT,2290000000092209880,42658.0,0.113,sell
2024-01-01T11:32:47.604Z,BTC,USDT,BYBIT,2290000000092209881,42657.82,0.02344,sell
2024-01-01T11:32:47.604Z,BTC,USDT,BYBIT,2290000000092209884,42656.24,0.028456,sell
2024-01-01T11:32:47.604Z,BTC,USDT,BYBIT,2290000000092209878,42658.0,0.00273,sell
2024-01-01T11:32:47.604Z,BTC,USDT,BYBIT,2290000000092209886,42656.0,0.0024,sell
2024-01-01T11:32:47.604Z,BTC,USDT,BYBIT,2290000000092209882,42657.0,0.00125,sell
2024-01-01T11:32:47.605Z,BTC,USDT,BYBIT,2290000000092209891,42654.0,0.000255,sell
2024-01-01T11:32:47.605Z,BTC,USDT,BYBIT,2290000000092209893,42653.84,0.006,sell
2024-01-01T11:32:47.605Z,BTC,USDT,BYBIT,2290000000092209897,42652.83,0.003143,sell
2024-01-01T11:32:47.605Z,BTC,USDT,BYBIT,2290000000092209896,42652.89,0.175183,sell
2024-01-01T11:32:47.605Z,BTC,USDT,BYBIT,2290000000092209898,42652.82,0.005,sell
2024-01-01T11:32:47.605Z,BTC,USDT,BYBIT,2290000000092209900,42651.0,0.000195,sell
2024-01-01T11:32:47.605Z,BTC,USDT,BYBIT,2290000000092209901,42651.0,3e-06,sell
2024-01-01T11:32:47.605Z,BTC,USDT,BYBIT,2290000000092209899,42652.0,0.0022,sell
2024-01-01T11:32:47.605Z,BTC,USDT,BYBIT,2290000000092209890,42654.0,0.000198,sell
2024-01-01T11:32:47.605Z,BTC,USDT,BYBIT,2290000000092209894,42653.31,0.175881,sell
2024-01-01T11:32:47.605Z,BTC,USDT,BYBIT,2290000000092209889,42654.05,0.006,sell
2024-01-01T11:32:47.605Z,BTC,USDT,BYBIT,2290000000092209895,42653.0,0.0025,sell
2024-01-01T11:32:47.605Z,BTC,USDT,BYBIT,2290000000092209888,42655.0,0.00087,sell
2024-01-01T11:32:47.605Z,BTC,USDT,BYBIT,2290000000092209892,42654.0,0.113,sell
2024-01-01T11:32:47.610Z,BTC,USDT,BYBIT,2290000000092209910,42647.66,0.011721,sell
2024-01-01T11:32:47.610Z,BTC,USDT,BYBIT,2290000000092209906,42648.0,0.0024,sell
2024-01-01T11:32:47.610Z,BTC,USDT,BYBIT,2290000000092209902,42650.29,0.0015,sell
2024-01-01T11:32:47.610Z,BTC,USDT,BYBIT,2290000000092209904,42649.0,0.00125,sell
2024-01-01T11:32:47.610Z,BTC,USDT,BYBIT,2290000000092209903,42649.46,0.525,sell
2024-01-01T11:32:47.610Z,BTC,USDT,BYBIT,2290000000092209905,42649.0,0.00087,sell
2024-01-01T11:32:47.610Z,BTC,USDT,BYBIT,2290000000092209912,42647.45,0.000134,sell
2024-01-01T11:32:47.610Z,BTC,USDT,BYBIT,2290000000092209911,42647.45,0.000131,sell
2024-01-01T11:32:47.610Z,BTC,USDT,BYBIT,2290000000092209907,42648.0,0.00213,sell
2024-01-01T11:32:47.610Z,BTC,USDT,BYBIT,2290000000092209914,42647.29,0.0015,sell
2024-01-01T11:32:47.610Z,BTC,USDT,BYBIT,2290000000092209913,42647.29,0.0015,sell
2024-01-01T11:32:47.610Z,BTC,USDT,BYBIT,2290000000092209909,42647.71,0.035495,sell
2024-01-01T11:32:47.610Z,BTC,USDT,BYBIT,2290000000092209908,42648.0,0.000198,sell
2024-01-01T11:32:47.616Z,BTC,USDT,BYBIT,2290000000092209915,42646.0,0.000198,sell
2024-01-01T11:32:47.616Z,BTC,USDT,BYBIT,2290000000092209916,42646.0,0.000255,sell
2024-01-01T11:32:47.629Z,BTC,USDT,BYBIT,2290000000092209920,42643.0,0.00087,sell
2024-01-01T11:32:47.629Z,BTC,USDT,BYBIT,2290000000092209917,42645.0,0.086,sell
2024-01-01T11:32:47.629Z,BTC,USDT,BYBIT,2290000000092209919,42644.29,0.0015,sell
2024-01-01T11:32:47.629Z,BTC,USDT,BYBIT,2290000000092209922,42642.88,0.538011,sell
2024-01-01T11:32:47.629Z,BTC,USDT,BYBIT,2290000000092209921,42642.9,0.009377,sell
2024-01-01T11:32:47.629Z,BTC,USDT,BYBIT,2290000000092209918,42645.0,0.00273,sell
2024-01-01T11:32:47.646Z,BTC,USDT,BYBIT,2290000000092209926,42642.88,0.171989,sell
2024-01-01T11:32:47.646Z,BTC,USDT,BYBIT,2290000000092209927,42642.38,0.10415,sell
2024-01-01T11:32:47.646Z,BTC,USDT,BYBIT,2290000000092209931,42641.29,0.0015,sell
2024-01-01T11:32:47.646Z,BTC,USDT,BYBIT,2290000000092209933,42640.75,0.035021,sell
2024-01-01T11:32:47.646Z,BTC,USDT,BYBIT,2290000000092209928,42642.0,0.000198,sell
2024-01-01T11:32:47.646Z,BTC,USDT,BYBIT,2290000000092209925,42645.24,0.006,sell
2024-01-01T11:32:47.646Z,BTC,USDT,BYBIT,2290000000092209930,42642.0,0.000255,sell
2024-01-01T11:32:47.646Z,BTC,USDT,BYBIT,2290000000092209929,42642.0,0.00213,sell
2024-01-01T11:32:47.646Z,BTC,USDT,BYBIT,2290000000092209924,42644.28,0.023447,sell
2024-01-01T11:32:47.646Z,BTC,USDT,BYBIT,2290000000092209932,42641.0,0.00125,sell
2024-01-01T11:32:47.646Z,BTC,USDT,BYBIT,2290000000092209923,42645.74,0.006,sell
2024-01-01T11:32:47.650Z,BTC,USDT,BYBIT,2290000000092209934,42640.75,0.5096,sell
2024-01-01T11:32:47.654Z,BTC,USDT,BYBIT,2290000000092209937,42640.0,0.0024,sell
2024-01-01T11:32:47.654Z,BTC,USDT,BYBIT,2290000000092209935,42640.75,0.165379,sell
2024-01-01T11:32:47.654Z,BTC,USDT,BYBIT,2290000000092209936,42640.0,0.00213,sell
2024-01-01T11:32:47.664Z,BTC,USDT,BYBIT,2290000000092209939,42638.67,0.01,sell
2024-01-01T11:32:47.664Z,BTC,USDT,BYBIT,2290000000092209938,42641.24,0.067017,sell
2024-01-01T11:32:47.664Z,BTC,USDT,BYBIT,2290000000092209940,42638.3,0.043265,sell
2024-01-01T11:32:47.677Z,BTC,USDT,BYBIT,2290000000092209941,42638.68,0.023447,sell
2024-01-01T11:32:47.683Z,BTC,USDT,BYBIT,2290000000092209943,42638.29,0.0015,sell
2024-01-01T11:32:47.683Z,BTC,USDT,BYBIT,2290000000092209942,42638.68,0.04357,sell
2024-01-01T11:32:47.690Z,BTC,USDT,BYBIT,2290000000092209946,42638.0,0.000198,sell
2024-01-01T11:32:47.690Z,BTC,USDT,BYBIT,2290000000092209945,42638.0,0.000255,sell
2024-01-01T11:32:47.690Z,BTC,USDT,BYBIT,2290000000092209944,42638.0,0.000198,sell
2024-01-01T11:32:47.751Z,BTC,USDT,BYBIT,2290000000092209947,42637.0,0.00087,sell
2024-01-01T11:32:47.751Z,BTC,USDT,BYBIT,2290000000092209949,42637.0,0.056997,sell
2024-01-01T11:32:47.751Z,BTC,USDT,BYBIT,2290000000092209948,42637.0,0.000255,sell
2024-01-01T11:32:47.751Z,BTC,USDT,BYBIT,2290000000092209951,42636.82,0.023451,sell
2024-01-01T11:32:47.751Z,BTC,USDT,BYBIT,2290000000092209950,42636.83,0.051006,sell
2024-01-01T11:32:47.840Z,BTC,USDT,BYBIT,2290000000092209952,42636.01,0.0234,buy
2024-01-01T11:32:48.100Z,BTC,USDT,BYBIT,2290000000092209957,42636.0,0.0022,sell
2024-01-01T11:32:48.100Z,BTC,USDT,BYBIT,2290000000092209955,42636.0,0.00213,sell
2024-01-01T11:32:48.100Z,BTC,USDT,BYBIT,2290000000092209956,42636.0,0.000255,sell
2024-01-01T11:32:48.100Z,BTC,USDT,BYBIT,2290000000092209954,42636.0,0.000198,sell
2024-01-01T11:32:48.100Z,BTC,USDT,BYBIT,2290000000092209953,42636.0,0.00125,sell
2024-01-01T11:32:48.348Z,BTC,USDT,BYBIT,2290000000092209959,42635.0,0.000255,sell
2024-01-01T11:32:48.348Z,BTC,USDT,BYBIT,2290000000092209958,42635.29,0.0015,sell
2024-01-01T11:32:48.889Z,BTC,USDT,BYBIT,2290000000092209961,42633.0,0.0025,sell
2024-01-01T11:32:48.889Z,BTC,USDT,BYBIT,2290000000092209960,42633.0,0.00125,sell
2024-01-01T11:32:48.889Z,BTC,USDT,BYBIT,2290000000092209962,42633.0,0.007861,sell
2024-01-01T11:32:51.717Z,BTC,USDT,BYBIT,2290000000092209963,42633.01,0.000878,buy
2024-01-01T11:32:51.717Z,BTC,USDT,BYBIT,2290000000092209964,42633.01,0.022522,buy
2024-01-01T11:32:54.536Z,BTC,USDT,BYBIT,2290000000092209965,42633.0,0.003429,sell
2024-01-01T11:32:58.380Z,BTC,USDT,BYBIT,2290000000092209991,42630.37,0.023454,sell
2024-01-01T11:32:58.380Z,BTC,USDT,BYBIT,2290000000092209984,42632.0,0.113,sell
2024-01-01T11:32:58.380Z,BTC,USDT,BYBIT,2290000000092209978,42632.63,0.002345,sell
2024-01-01T11:32:58.380Z,BTC,USDT,BYBIT,2290000000092209967,42633.0,0.12,sell
2024-01-01T11:32:58.380Z,BTC,USDT,BYBIT,2290000000092209982,42632.0,0.0024,sell
2024-01-01T11:32:58.380Z,BTC,USDT,BYBIT,2290000000092209968,42633.0,0.259963,sell
2024-01-01T11:32:58.380Z,BTC,USDT,BYBIT,2290000000092209988,42631.5,0.5,sell
2024-01-01T11:32:58.380Z,BTC,USDT,BYBIT,2290000000092209974,42633.0,0.04,sell
2024-01-01T11:32:58.380Z,BTC,USDT,BYBIT,2290000000092209971,42633.0,0.406303,sell
2024-01-01T11:32:58.380Z,BTC,USDT,BYBIT,2290000000092209981,42632.0,0.00213,sell
2024-01-01T11:32:58.380Z,BTC,USDT,BYBIT,2290000000092209985,42631.64,0.003145,sell
2024-01-01T11:32:58.380Z,BTC,USDT,BYBIT,2290000000092209977,42633.0,0.07246,sell
2024-01-01T11:32:58.380Z,BTC,USDT,BYBIT,2290000000092209972,42633.0,0.102483,sell
2024-01-01T11:32:58.380Z,BTC,USDT,BYBIT,2290000000092209986,42631.52,0.061116,sell
2024-01-01T11:32:58.380Z,BTC,USDT,BYBIT,2290000000092209966,42633.0,0.002571,sell
2024-01-01T11:32:58.380Z,BTC,USDT,BYBIT,2290000000092209973,42633.0,0.04,sell
2024-01-01T11:32:58.380Z,BTC,USDT,BYBIT,2290000000092209975,42633.0,0.06,sell
2024-01-01T11:32:58.380Z,BTC,USDT,BYBIT,2290000000092209983,42632.0,0.00273,sell
2024-01-01T11:32:58.380Z,BTC,USDT,BYBIT,2290000000092209989,42631.0,0.00087,sell
2024-01-01T11:32:58.380Z,BTC,USDT,BYBIT,2290000000092209990,42630.73,0.005,sell
2024-01-01T11:32:58.380Z,BTC,USDT,BYBIT,2290000000092209987,42631.52,0.438884,sell
2024-01-01T11:32:58.380Z,BTC,USDT,BYBIT,2290000000092209970,42633.0,0.349971,sell
2024-01-01T11:32:58.380Z,BTC,USDT,BYBIT,2290000000092209980,42632.29,0.0015,sell
2024-01-01T11:32:58.380Z,BTC,USDT,BYBIT,2290000000092209979,42632.5,0.006,sell
2024-01-01T11:32:58.380Z,BTC,USDT,BYBIT,2290000000092209969,42633.0,0.5,sell
2024-01-01T11:32:58.380Z,BTC,USDT,BYBIT,2290000000092209976,42633.0,0.06,sell
2024-01-01T11:32:58.381Z,BTC,USDT,BYBIT,2290000000092209997,42629.29,0.0015,sell
2024-01-01T11:32:58.381Z,BTC,USDT,BYBIT,2290000000092209998,42628.64,0.028752,sell
2024-01-01T11:32:58.381Z,BTC,USDT,BYBIT,2290000000092209992,42630.0,0.000198,sell
2024-01-01T11:32:58.381Z,BTC,USDT,BYBIT,2290000000092209999,42628.64,1e-06,sell
2024-01-01T11:32:58.381Z,BTC,USDT,BYBIT,2290000000092209993,42630.0,0.000255,sell
2024-01-01T11:32:58.381Z,BTC,USDT,BYBIT,2290000000092209996,42630.0,0.113,sell
2024-01-01T11:32:58.381Z,BTC,USDT,BYBIT,2290000000092209995,42630.0,0.086,sell
2024-01-01T11:32:58.381Z,BTC,USDT,BYBIT,2290000000092209994,42630.0,7e-05,sell
2024-01-01T11:32:58.384Z,BTC,USDT,BYBIT,2290000000092210000,42626.31,0.012154,sell
2024-01-01T11:32:58.384Z,BTC,USDT,BYBIT,2290000000092210001,42626.29,0.0015,sell
2024-01-01T11:32:58.386Z,BTC,USDT,BYBIT,2290000000092210003,42625.0,0.00125,sell
2024-01-01T11:32:58.386Z,BTC,USDT,BYBIT,2290000000092210007,42624.46,0.525,sell
2024-01-01T11:32:58.386Z,BTC,USDT,BYBIT,2290000000092210006,42624.64,0.003833,sell
2024-01-01T11:32:58.386Z,BTC,USDT,BYBIT,2290000000092210005,42624.99,0.000377,sell
2024-01-01T11:32:58.386Z,BTC,USDT,BYBIT,2290000000092210008,42624.3,0.1267,sell
2024-01-01T11:32:58.386Z,BTC,USDT,BYBIT,2290000000092210002,42625.0,0.00087,sell
2024-01-01T11:32:58.386Z,BTC,USDT,BYBIT,2290000000092210004,42625.0,0.000198,sell
2024-01-01T11:32:58.531Z,BTC,USDT,BYBIT,2290000000092210009,42624.01,0.0234,buy
2024-01-01T11:33:00.630Z,BTC,USDT,BYBIT,2290000000092210011,42624.01,0.008845,buy
2024-01-01T11:33:00.630Z,BTC,USDT,BYBIT,2290000000092210010,42624.01,0.003116,buy
2024-01-01T11:33:00.638Z,BTC,USDT,BYBIT,2290000000092210014,42624.01,0.01904,buy
2024-01-01T11:33:00.638Z,BTC,USDT,BYBIT,2290000000092210013,42624.01,0.060006,buy
2024-01-01T11:33:00.638Z,BTC,USDT,BYBIT,2290000000092210012,42624.01,0.028042,buy
2024-01-01T11:33:01.308Z,BTC,USDT,BYBIT,2290000000092210015,42624.0,0.001735,sell
2024-01-01T11:33:04.239Z,BTC,USDT,BYBIT,2290000000092210019,42624.01,0.281544,buy
2024-01-01T11:33:04.239Z,BTC,USDT,BYBIT,2290000000092210016,42624.01,0.02096,buy
2024-01-01T11:33:04.239Z,BTC,USDT,BYBIT,2290000000092210018,42624.01,0.0001,buy
2024-01-01T11:33:04.239Z,BTC,USDT,BYBIT,2290000000092210017,42624.01,0.060001,buy
2024-01-01T11:33:06.768Z,BTC,USDT,BYBIT,2290000000092210020,42627.09,0.0234,buy
2024-01-01T11:33:07.369Z,BTC,USDT,BYBIT,2290000000092210021,42627.09,0.003,buy
2024-01-01T11:33:09.617Z,BTC,USDT,BYBIT,2290000000092210023,42627.09,0.004,buy
2024-01-01T11:33:09.617Z,BTC,USDT,BYBIT,2290000000092210022,42627.09,0.12,buy
2024-01-01T11:33:12.542Z,BTC,USDT,BYBIT,2290000000092210025,42627.09,0.024936,buy
2024-01-01T11:33:12.542Z,BTC,USDT,BYBIT,2290000000092210024,42627.09,0.0001,buy
2024-01-01T11:33:12.634Z,BTC,USDT,BYBIT,2290000000092210026,42628.0,0.0234,buy
2024-01-01T11:33:13.787Z,BTC,USDT,BYBIT,2290000000092210027,42628.0,0.281519,buy
2024-01-01T11:33:13.790Z,BTC,USDT,BYBIT,2290000000092210028,42629.29,0.0015,buy
2024-01-01T11:33:14.137Z,BTC,USDT,BYBIT,2290000000092210029,42630.0,0.005501,buy
2024-01-01T11:33:14.140Z,BTC,USDT,BYBIT,2290000000092210030,42630.0,0.001914,buy
2024-01-01T11:33:16.797Z,BTC,USDT,BYBIT,2290000000092210031,42630.0,0.002516,buy
2024-01-01T11:33:17.052Z,BTC,USDT,BYBIT,2290000000092210032,42632.0,0.0234,buy
2024-01-01T11:33:20.750Z,BTC,USDT,BYBIT,2290000000092210033,42631.99,0.000127,sell
2024-01-01T11:33:24.418Z,BTC,USDT,BYBIT,2290000000092210034,42632.0,2.3e-05,buy
2024-01-01T11:33:25.687Z,BTC,USDT,BYBIT,2290000000092210037,42632.0,0.0001,buy
2024-01-01T11:33:25.687Z,BTC,USDT,BYBIT,2290000000092210043,42632.29,0.0015,buy
2024-01-01T11:33:25.687Z,BTC,USDT,BYBIT,2290000000092210044,42632.78,0.005,buy
2024-01-01T11:33:25.687Z,BTC,USDT,BYBIT,2290000000092210035,42632.0,0.089577,buy
2024-01-01T11:33:25.687Z,BTC,USDT,BYBIT,2290000000092210038,42632.0,0.281494,buy
2024-01-01T11:33:25.687Z,BTC,USDT,BYBIT,2290000000092210039,42632.0,0.096197,buy
2024-01-01T11:33:25.687Z,BTC,USDT,BYBIT,2290000000092210041,42632.0,0.052,buy
2024-01-01T11:33:25.687Z,BTC,USDT,BYBIT,2290000000092210036,42632.0,0.07,buy
2024-01-01T11:33:25.687Z,BTC,USDT,BYBIT,2290000000092210042,42632.04,0.023461,buy
2024-01-01T11:33:25.687Z,BTC,USDT,BYBIT,2290000000092210040,42632.0,0.5,buy
2024-01-01T11:33:25.690Z,BTC,USDT,BYBIT,2290000000092210048,42633.04,0.5,buy
2024-01-01T11:33:25.690Z,BTC,USDT,BYBIT,2290000000092210046,42633.0,0.00087,buy
2024-01-01T11:33:25.690Z,BTC,USDT,BYBIT,2290000000092210049,42633.48,0.02346,buy
2024-01-01T11:33:25.690Z,BTC,USDT,BYBIT,2290000000092210045,42633.0,0.00125,buy
2024-01-01T11:33:25.690Z,BTC,USDT,BYBIT,2290000000092210047,42633.0,0.07246,buy
2024-01-01T11:33:25.690Z,BTC,USDT,BYBIT,2290000000092210050,42634.0,0.027745,buy
2024-01-01T11:33:25.692Z,BTC,USDT,BYBIT,2290000000092210051,42635.05,0.006,buy
2024-01-01T11:33:25.693Z,BTC,USDT,BYBIT,2290000000092210052,42635.17,0.036,buy
2024-01-01T11:33:25.693Z,BTC,USDT,BYBIT,2290000000092210057,42636.27,0.525,buy
2024-01-01T11:33:25.693Z,BTC,USDT,BYBIT,2290000000092210053,42635.29,0.0015,buy
2024-01-01T11:33:25.693Z,BTC,USDT,BYBIT,2290000000092210056,42635.89,0.023459,buy
2024-01-01T11:33:25.693Z,BTC,USDT,BYBIT,2290000000092210054,42635.55,0.006,buy
2024-01-01T11:33:25.693Z,BTC,USDT,BYBIT,2290000000092210059,42637.27,0.027666,buy
2024-01-01T11:33:25.693Z,BTC,USDT,BYBIT,2290000000092210058,42637.0,0.00087,buy
2024-01-01T11:33:25.693Z,BTC,USDT,BYBIT,2290000000092210055,42635.69,0.10713,buy
2024-01-01T11:33:25.866Z,BTC,USDT,BYBIT,2290000000092210061,42637.99,0.018829,buy
2024-01-01T11:33:25.866Z,BTC,USDT,BYBIT,2290000000092210060,42637.99,0.004571,buy
2024-01-01T11:33:25.910Z,BTC,USDT,BYBIT,2290000000092210062,42637.99,0.026919,buy
2024-01-01T11:33:27.391Z,BTC,USDT,BYBIT,2290000000092210063,42637.98,0.000124,sell
2024-01-01T11:33:30.341Z,BTC,USDT,BYBIT,2290000000092210064,42637.99,0.000117,buy
2024-01-01T11:33:30.347Z,BTC,USDT,BYBIT,2290000000092210065,42637.99,2.3e-05,buy
2024-01-01T11:33:30.572Z,BTC,USDT,BYBIT,2290000000092210066,42637.98,0.07,sell
2024-01-01T11:33:30.583Z,BTC,USDT,BYBIT,2290000000092210069,42637.98,0.00128,sell
2024-01-01T11:33:30.583Z,BTC,USDT,BYBIT,2290000000092210067,42637.98,0.00246,sell
2024-01-01T11:33:30.583Z,BTC,USDT,BYBIT,2290000000092210068,42637.98,0.0001,sell
2024-01-01T11:33:31.452Z,BTC,USDT,BYBIT,2290000000092210071,42637.47,0.006,sell
2024-01-01T11:33:31.452Z,BTC,USDT,BYBIT,2290000000092210070,42637.97,0.006,sell
2024-01-01T11:33:32.838Z,BTC,USDT,BYBIT,2290000000092210072,42636.0,0.006,sell
2024-01-01T11:33:32.838Z,BTC,USDT,BYBIT,2290000000092210073,42636.0,0.054798,sell
2024-01-01T11:33:34.983Z,BTC,USDT,BYBIT,2290000000092210074,42636.01,0.001706,buy
2024-01-01T11:33:34.983Z,BTC,USDT,BYBIT,2290000000092210075,42636.01,0.000853,buy
2024-01-01T11:33:35.206Z,BTC,USDT,BYBIT,2290000000092210076,42636.99,0.0234,buy
2024-01-01T11:33:39.288Z,BTC,USDT,BYBIT,2290000000092210077,42637.99,0.005032,sell
2024-01-01T11:33:40.440Z,BTC,USDT,BYBIT,2290000000092210078,42637.99,0.000364,sell
2024-01-01T11:33:48.297Z,BTC,USDT,BYBIT,2290000000092210080,42638.0,3.6e-05,buy
2024-01-01T11:33:48.297Z,BTC,USDT,BYBIT,2290000000092210079,42638.0,0.000198,buy
2024-01-01T11:33:56.533Z,BTC,USDT,BYBIT,2290000000092210084,42638.0,0.186681,buy
2024-01-01T11:33:56.533Z,BTC,USDT,BYBIT,2290000000092210083,42638.0,0.0001,buy
2024-01-01T11:33:56.533Z,BTC,USDT,BYBIT,2290000000092210082,42638.0,0.113,buy
2024-01-01T11:33:56.533Z,BTC,USDT,BYBIT,2290000000092210081,42638.0,0.000219,buy
2024-01-01T11:33:57.241Z,BTC,USDT,BYBIT,2290000000092210085,42637.99,0.020035,sell
2024-01-01T11:33:57.241Z,BTC,USDT,BYBIT,2290000000092210086,42637.99,0.033884,sell
2024-01-01T11:33:57.251Z,BTC,USDT,BYBIT,2290000000092210092,42637.99,0.005,sell
2024-01-01T11:33:57.251Z,BTC,USDT,BYBIT,2290000000092210088,42637.99,0.04,sell
2024-01-01T11:33:57.251Z,BTC,USDT,BYBIT,2290000000092210090,42637.99,0.06,sell
2024-01-01T11:33:57.251Z,BTC,USDT,BYBIT,2290000000092210087,42637.99,0.04,sell
2024-01-01T11:33:57.251Z,BTC,USDT,BYBIT,2290000000092210091,42637.99,0.0001,sell
2024-01-01T11:33:57.251Z,BTC,USDT,BYBIT,2290000000092210089,42637.99,0.06,sell
2024-01-01T11:33:57.252Z,BTC,USDT,BYBIT,2290000000092210093,42637.99,0.345,sell
2024-01-01T11:33:57.331Z,BTC,USDT,BYBIT,2290000000092210094,42637.98,0.0234,buy
2024-01-01T11:34:02.929Z,BTC,USDT,BYBIT,2290000000092210095,42637.98,0.0234,buy
2024-01-01T11:34:03.078Z,BTC,USDT,BYBIT,2290000000092210096,42637.97,0.00124,sell
2024-01-01T11:34:06.543Z,BTC,USDT,BYBIT,2290000000092210098,42637.98,0.012506,buy
2024-01-01T11:34:06.543Z,BTC,USDT,BYBIT,2290000000092210099,42637.98,0.040004,buy
2024-01-01T11:34:06.543Z,BTC,USDT,BYBIT,2290000000092210100,42637.98,0.040004,buy
2024-01-01T11:34:06.543Z,BTC,USDT,BYBIT,2290000000092210101,42637.98,0.003533,buy
2024-01-01T11:34:06.543Z,BTC,USDT,BYBIT,2290000000092210097,42637.98,0.0475,buy
2024-01-01T11:34:06.544Z,BTC,USDT,BYBIT,2290000000092210104,42637.98,0.000782,buy
2024-01-01T11:34:06.544Z,BTC,USDT,BYBIT,2290000000092210103,42637.98,0.281466,buy
2024-01-01T11:34:06.544Z,BTC,USDT,BYBIT,2290000000092210105,42637.98,0.0001,buy
2024-01-01T11:34:06.544Z,BTC,USDT,BYBIT,2290000000092210102,42637.98,0.056473,buy
2024-01-01T11:34:06.544Z,BTC,USDT,BYBIT,2290000000092210106,42638.29,0.0015,buy
2024-01-01T11:34:06.636Z,BTC,USDT,BYBIT,2290000000092210109,42640.0,0.01887,buy
2024-01-01T11:34:06.636Z,BTC,USDT,BYBIT,2290000000092210108,42640.0,0.00213,buy
2024-01-01T11:34:06.636Z,BTC,USDT,BYBIT,2290000000092210107,42640.0,0.0024,buy
2024-01-01T11:34:13.540Z,BTC,USDT,BYBIT,2290000000092210111,42640.06,0.0001,buy
2024-01-01T11:34:13.540Z,BTC,USDT,BYBIT,2290000000092210110,42640.0,0.281445,buy
2024-01-01T11:34:13.540Z,BTC,USDT,BYBIT,2290000000092210112,42641.0,0.00125,buy
2024-01-01T11:34:13.556Z,BTC,USDT,BYBIT,2290000000092210114,42642.25,0.000499,buy
2024-01-01T11:34:13.556Z,BTC,USDT,BYBIT,2290000000092210113,42641.29,0.0015,buy
2024-01-01T11:34:13.633Z,BTC,USDT,BYBIT,2290000000092210115,42642.25,0.0234,buy
2024-01-01T11:34:14.017Z,BTC,USDT,BYBIT,2290000000092210116,42642.25,0.005205,buy
2024-01-01T11:34:14.197Z,BTC,USDT,BYBIT,2290000000092210117,42642.25,0.003024,buy
2024-01-01T11:34:14.698Z,BTC,USDT,BYBIT,2290000000092210118,42642.24,0.009061,sell
2024-01-01T11:34:17.375Z,BTC,USDT,BYBIT,2290000000092210119,42642.25,0.0234,buy
2024-01-01T11:34:19.110Z,BTC,USDT,BYBIT,2290000000092210120,42642.24,0.0006,sell
2024-01-01T11:34:19.277Z,BTC,USDT,BYBIT,2290000000092210121,42642.25,0.000876,buy
2024-01-01T11:34:21.125Z,BTC,USDT,BYBIT,2290000000092210122,42642.24,0.000138,sell
2024-01-01T11:34:22.372Z,BTC,USDT,BYBIT,2290000000092210125,42642.24,0.095312,sell
2024-01-01T11:34:22.372Z,BTC,USDT,BYBIT,2290000000092210124,42642.24,0.053709,sell
2024-01-01T11:34:22.372Z,BTC,USDT,BYBIT,2290000000092210123,42642.24,0.052922,sell
2024-01-01T11:34:23.286Z,BTC,USDT,BYBIT,2290000000092210126,42642.25,7e-05,buy
2024-01-01T11:34:26.754Z,BTC,USDT,BYBIT,2290000000092210127,42642.25,0.015986,buy
2024-01-01T11:34:26.754Z,BTC,USDT,BYBIT,2290000000092210128,42642.25,0.007414,buy
2024-01-01T11:34:29.740Z,BTC,USDT,BYBIT,2290000000092210129,42642.24,0.0001,sell
2024-01-01T11:34:29.740Z,BTC,USDT,BYBIT,2290000000092210132,42642.24,0.07246,sell
2024-01-01T11:34:29.740Z,BTC,USDT,BYBIT,2290000000092210130,42642.24,0.00122,sell
2024-01-01T11:34:29.740Z,BTC,USDT,BYBIT,2290000000092210131,42642.24,0.023455,sell
2024-01-01T11:34:41.356Z,BTC,USDT,BYBIT,2290000000092210133,42640.29,0.000234,buy
2024-01-01T11:34:44.292Z,BTC,USDT,BYBIT,2290000000092210134,42640.29,7e-05,buy
2024-01-01T11:34:51.658Z,BTC,USDT,BYBIT,2290000000092210135,42640.29,0.003193,buy
2024-01-01T11:34:52.159Z,BTC,USDT,BYBIT,2290000000092210136,42640.28,0.009829,sell
2024-01-01T11:34:53.157Z,BTC,USDT,BYBIT,2290000000092210137,42640.29,0.000212,buy
2024-01-01T11:34:54.310Z,BTC,USDT,BYBIT,2290000000092210138,42640.29,0.0234,buy
2024-01-01T11:34:57.449Z,BTC,USDT,BYBIT,2290000000092210139,42640.29,0.008872,buy
2024-01-01T11:34:57.449Z,BTC,USDT,BYBIT,2290000000092210140,42640.29,0.014528,buy
2024-01-01T11:34:59.211Z,BTC,USDT,BYBIT,2290000000092210141,42640.28,0.009829,sell
2024-01-01T11:35:02.607Z,BTC,USDT,BYBIT,2290000000092210144,42640.29,0.000936,buy
2024-01-01T11:35:02.607Z,BTC,USDT,BYBIT,2290000000092210145,42640.29,0.000703,buy
2024-01-01T11:35:02.607Z,BTC,USDT,BYBIT,2290000000092210143,42640.29,0.00255,buy
2024-01-01T11:35:02.607Z,BTC,USDT,BYBIT,2290000000092210142,42640.29,0.006256,buy
2024-01-01T11:35:02.609Z,BTC,USDT,BYBIT,2290000000092210147,42641.99,0.281438,buy
2024-01-01T11:35:02.609Z,BTC,USDT,BYBIT,2290000000092210146,42641.96,0.06,buy
2024-01-01T11:35:02.609Z,BTC,USDT,BYBIT,2290000000092210148,42642.25,0.005862,buy
2024-01-01T11:35:02.642Z,BTC,USDT,BYBIT,2290000000092210150,42643.0,0.000255,buy
2024-01-01T11:35:02.642Z,BTC,USDT,BYBIT,2290000000092210149,42643.0,0.00087,buy
2024-01-01T11:35:02.721Z,BTC,USDT,BYBIT,2290000000092210151,42644.0,0.0234,buy
2024-01-01T11:35:06.758Z,BTC,USDT,BYBIT,2290000000092210152,42643.99,0.006476,sell
2024-01-01T11:35:10.615Z,BTC,USDT,BYBIT,2290000000092210153,42643.99,0.000132,sell
2024-01-01T11:35:16.177Z,BTC,USDT,BYBIT,2290000000092210154,42644.0,0.004489,buy
2024-01-01T11:35:18.521Z,BTC,USDT,BYBIT,2290000000092210160,42644.0,0.0001,buy
2024-01-01T11:35:18.521Z,BTC,USDT,BYBIT,2290000000092210157,42644.0,0.000255,buy
2024-01-01T11:35:18.521Z,BTC,USDT,BYBIT,2290000000092210159,42644.0,0.194823,buy
2024-01-01T11:35:18.521Z,BTC,USDT,BYBIT,2290000000092210156,42644.0,0.00125,buy
2024-01-01T11:35:18.521Z,BTC,USDT,BYBIT,2290000000092210155,42644.0,0.00213,buy
2024-01-01T11:35:18.521Z,BTC,USDT,BYBIT,2290000000092210158,42644.0,0.086595,buy
2024-01-01T11:35:18.627Z,BTC,USDT,BYBIT,2290000000092210163,42644.99,0.0218,buy
2024-01-01T11:35:18.627Z,BTC,USDT,BYBIT,2290000000092210161,42644.29,0.0015,buy
2024-01-01T11:35:18.627Z,BTC,USDT,BYBIT,2290000000092210162,42644.29,0.0001,buy
2024-01-01T11:35:18.870Z,BTC,USDT,BYBIT,2290000000092210164,42644.99,0.021264,sell
2024-01-01T11:35:22.779Z,BTC,USDT,BYBIT,2290000000092210165,42645.0,0.0234,buy
2024-01-01T11:35:24.293Z,BTC,USDT,BYBIT,2290000000092210166,42645.0,2.3e-05,buy
2024-01-01T11:35:27.180Z,BTC,USDT,BYBIT,2290000000092210167,42644.99,0.04,sell
2024-01-01T11:35:27.180Z,BTC,USDT,BYBIT,2290000000092210168,42644.99,0.040003,sell
2024-01-01T11:35:29.519Z,BTC,USDT,BYBIT,2290000000092210169,42645.0,0.062577,buy
2024-01-01T11:35:29.519Z,BTC,USDT,BYBIT,2290000000092210170,42645.0,0.00273,buy
2024-01-01T11:35:29.519Z,BTC,USDT,BYBIT,2290000000092210171,42645.0,0.053787,buy
2024-01-01T11:35:30.577Z,BTC,USDT,BYBIT,2290000000092210172,42645.0,0.019541,buy
2024-01-01T11:35:30.578Z,BTC,USDT,BYBIT,2290000000092210173,42645.0,0.014636,buy
2024-01-01T11:35:30.578Z,BTC,USDT,BYBIT,2290000000092210174,42645.0,0.01328,buy
2024-01-01T11:35:30.580Z,BTC,USDT,BYBIT,2290000000092210175,42645.0,0.018539,buy
2024-01-01T11:35:30.725Z,BTC,USDT,BYBIT,2290000000092210176,42645.0,0.013109,buy
2024-01-01T11:35:30.725Z,BTC,USDT,BYBIT,2290000000092210177,42645.0,0.003861,buy
2024-01-01T11:35:36.834Z,BTC,USDT,BYBIT,2290000000092210178,42645.0,0.007581,buy
2024-01-01T11:35:40.243Z,BTC,USDT,BYBIT,2290000000092210180,42645.0,0.014547,buy
2024-01-01T11:35:40.243Z,BTC,USDT,BYBIT,2290000000092210179,42645.0,0.015453,buy
2024-01-01T11:35:43.010Z,BTC,USDT,BYBIT,2290000000092210181,42645.98,0.000363,sell
2024-01-01T11:35:44.034Z,BTC,USDT,BYBIT,2290000000092210182,42645.99,0.040906,buy
2024-01-01T11:35:44.040Z,BTC,USDT,BYBIT,2290000000092210183,42645.99,0.02927,buy
2024-01-01T11:35:44.058Z,BTC,USDT,BYBIT,2290000000092210184,42645.99,0.211235,buy
2024-01-01T11:35:44.131Z,BTC,USDT,BYBIT,2290000000092210185,42646.51,0.02818,buy
2024-01-01T11:35:44.132Z,BTC,USDT,BYBIT,2290000000092210186,42646.51,0.0234,buy
2024-01-01T11:35:44.139Z,BTC,USDT,BYBIT,2290000000092210187,42646.51,0.02088,buy
2024-01-01T11:35:44.148Z,BTC,USDT,BYBIT,2290000000092210188,42647.0,0.000198,buy
2024-01-01T11:35:44.181Z,BTC,USDT,BYBIT,2290000000092210190,42647.29,0.024273,buy
2024-01-01T11:35:44.181Z,BTC,USDT,BYBIT,2290000000092210189,42647.29,0.0015,buy
2024-01-01T11:35:44.282Z,BTC,USDT,BYBIT,2290000000092210191,42647.29,0.028,buy
2024-01-01T11:35:44.944Z,BTC,USDT,BYBIT,2290000000092210192,42647.98,0.000868,sell
2024-01-01T11:35:48.648Z,BTC,USDT,BYBIT,2290000000092210194,42647.99,0.01995,buy
2024-01-01T11:35:48.648Z,BTC,USDT,BYBIT,2290000000092210193,42647.99,0.001638,buy
2024-01-01T11:35:48.790Z,BTC,USDT,BYBIT,2290000000092210195,42647.99,0.02807,buy
2024-01-01T11:35:48.932Z,BTC,USDT,BYBIT,2290000000092210196,42647.99,0.0234,buy
2024-01-01T11:35:49.498Z,BTC,USDT,BYBIT,2290000000092210197,42647.99,0.01556,buy
2024-01-01T11:35:52.418Z,BTC,USDT,BYBIT,2290000000092210198,42647.99,6e-05,sell
2024-01-01T11:35:53.085Z,BTC,USDT,BYBIT,2290000000092210200,42648.0,0.000694,buy
2024-01-01T11:35:53.085Z,BTC,USDT,BYBIT,2290000000092210199,42648.0,0.00213,buy
2024-01-01T11:35:54.392Z,BTC,USDT,BYBIT,2290000000092210201,42648.0,0.001706,buy
2024-01-01T11:35:54.392Z,BTC,USDT,BYBIT,2290000000092210202,42648.0,0.016166,buy
2024-01-01T11:35:54.394Z,BTC,USDT,BYBIT,2290000000092210203,42648.0,0.018923,buy
2024-01-01T11:35:54.401Z,BTC,USDT,BYBIT,2290000000092210204,42648.0,0.02799,buy
2024-01-01T11:35:54.402Z,BTC,USDT,BYBIT,2290000000092210205,42648.0,0.211251,buy
2024-01-01T11:35:54.410Z,BTC,USDT,BYBIT,2290000000092210206,42648.0,0.042145,buy
2024-01-01T11:35:54.438Z,BTC,USDT,BYBIT,2290000000092210207,42650.0,0.007033,buy
2024-01-01T11:35:54.438Z,BTC,USDT,BYBIT,2290000000092210210,42650.66,0.004852,buy
2024-01-01T11:35:54.438Z,BTC,USDT,BYBIT,2290000000092210209,42650.29,0.0015,buy
2024-01-01T11:35:54.438Z,BTC,USDT,BYBIT,2290000000092210211,42650.66,1e-06,buy
2024-01-01T11:35:54.438Z,BTC,USDT,BYBIT,2290000000092210208,42650.0,0.113,buy
2024-01-01T11:35:54.591Z,BTC,USDT,BYBIT,2290000000092210212,42652.0,0.0022,buy
2024-01-01T11:35:54.591Z,BTC,USDT,BYBIT,2290000000092210213,42652.0,0.001455,buy
2024-01-01T11:35:54.592Z,BTC,USDT,BYBIT,2290000000092210214,42652.0,0.014323,buy
2024-01-01T11:35:54.592Z,BTC,USDT,BYBIT,2290000000092210215,42652.0,0.002153,buy
2024-01-01T11:35:54.623Z,BTC,USDT,BYBIT,2290000000092210216,42652.0,0.04716,buy
2024-01-01T11:35:54.637Z,BTC,USDT,BYBIT,2290000000092210217,42652.0,0.021524,buy
2024-01-01T11:35:54.660Z,BTC,USDT,BYBIT,2290000000092210218,42652.0,0.006046,buy
2024-01-01T11:35:54.708Z,BTC,USDT,BYBIT,2290000000092210219,42652.0,0.0234,buy
2024-01-01T11:35:59.171Z,BTC,USDT,BYBIT,2290000000092210220,42651.99,0.000612,sell
2024-01-01T11:36:02.294Z,BTC,USDT,BYBIT,2290000000092210221,42652.0,0.02,buy
2024-01-01T11:36:02.995Z,BTC,USDT,BYBIT,2290000000092210222,42652.0,0.00013,buy
2024-01-01T11:36:06.460Z,BTC,USDT,BYBIT,2290000000092210223,42652.0,0.000822,buy
2024-01-01T11:36:06.694Z,BTC,USDT,BYBIT,2290000000092210225,42651.99,0.003434,sell
2024-01-01T11:36:06.694Z,BTC,USDT,BYBIT,2290000000092210224,42651.99,0.005,sell
2024-01-01T11:36:15.702Z,BTC,USDT,BYBIT,2290000000092210226,42652.0,0.002241,buy
2024-01-01T11:36:20.343Z,BTC,USDT,BYBIT,2290000000092210227,42652.0,0.007617,buy
2024-01-01T11:36:20.387Z,BTC,USDT,BYBIT,2290000000092210228,42652.0,0.000117,buy
2024-01-01T11:36:27.507Z,BTC,USDT,BYBIT,2290000000092210229,42652.0,0.00983,buy
2024-01-01T11:36:31.890Z,BTC,USDT,BYBIT,2290000000092210230,42651.99,0.00016,sell
2024-01-01T11:36:33.679Z,BTC,USDT,BYBIT,2290000000092210232,42652.0,0.010882,buy
2024-01-01T11:36:33.679Z,BTC,USDT,BYBIT,2290000000092210231,42652.0,0.072243,buy
2024-01-01T11:36:39.937Z,BTC,USDT,BYBIT,2290000000092210233,42652.0,0.087672,buy
2024-01-01T11:36:41.206Z,BTC,USDT,BYBIT,2290000000092210234,42652.0,0.009666,buy
2024-01-01T11:36:42.436Z,BTC,USDT,BYBIT,2290000000092210235,42652.0,2.9e-05,buy
2024-01-01T11:36:45.176Z,BTC,USDT,BYBIT,2290000000092210236,42652.0,0.005882,buy
2024-01-01T11:36:45.960Z,BTC,USDT,BYBIT,2290000000092210237,42652.0,0.074726,buy
2024-01-01T11:36:46.994Z,BTC,USDT,BYBIT,2290000000092210238,42651.99,0.000457,sell
2024-01-01T11:36:47.839Z,BTC,USDT,BYBIT,2290000000092210239,42652.0,0.001528,buy
2024-01-01T11:36:51.998Z,BTC,USDT,BYBIT,2290000000092210240,42652.0,0.078813,buy
2024-01-01T11:36:52.388Z,BTC,USDT,BYBIT,2290000000092210241,42652.0,3.5e-05,buy
2024-01-01T11:36:52.516Z,BTC,USDT,BYBIT,2290000000092210242,42651.99,0.001218,sell
2024-01-01T11:36:55.224Z,BTC,USDT,BYBIT,2290000000092210243,42652.0,0.000755,buy
2024-01-01T11:37:01.681Z,BTC,USDT,BYBIT,2290000000092210244,42652.0,0.001176,buy
2024-01-01T11:37:02.384Z,BTC,USDT,BYBIT,2290000000092210245,42652.0,0.000234,buy
2024-01-01T11:37:04.374Z,BTC,USDT,BYBIT,2290000000092210246,42652.0,0.000234,buy
2024-01-01T11:37:05.861Z,BTC,USDT,BYBIT,2290000000092210247,42651.99,0.001516,sell
2024-01-01T11:37:06.510Z,BTC,USDT,BYBIT,2290000000092210249,42651.99,0.180588,sell
2024-01-01T11:37:06.510Z,BTC,USDT,BYBIT,2290000000092210248,42651.99,0.103366,sell
2024-01-01T11:37:06.517Z,BTC,USDT,BYBIT,2290000000092210250,42651.99,0.524748,sell
2024-01-01T11:37:06.519Z,BTC,USDT,BYBIT,2290000000092210252,42651.99,0.433583,sell
2024-01-01T11:37:06.519Z,BTC,USDT,BYBIT,2290000000092210251,42651.99,0.550739,sell
2024-01-01T11:37:06.521Z,BTC,USDT,BYBIT,2290000000092210253,42651.99,0.307906,sell
2024-01-01T11:37:06.529Z,BTC,USDT,BYBIT,2290000000092210254,42651.99,0.442106,sell
2024-01-01T11:37:06.533Z,BTC,USDT,BYBIT,2290000000092210256,42651.99,6e-06,sell
2024-01-01T11:37:06.533Z,BTC,USDT,BYBIT,2290000000092210255,42651.99,0.006,sell
2024-01-01T11:37:06.553Z,BTC,USDT,BYBIT,2290000000092210258,42651.99,0.06,sell
2024-01-01T11:37:06.553Z,BTC,USDT,BYBIT,2290000000092210262,42651.49,0.006,sell
2024-01-01T11:37:06.553Z,BTC,USDT,BYBIT,2290000000092210261,42651.99,0.002344,sell
2024-01-01T11:37:06.553Z,BTC,USDT,BYBIT,2290000000092210259,42651.99,0.04,sell
2024-01-01T11:37:06.553Z,BTC,USDT,BYBIT,2290000000092210260,42651.99,0.038725,sell
2024-01-01T11:37:06.553Z,BTC,USDT,BYBIT,2290000000092210257,42651.99,0.039994,sell
2024-01-01T11:37:06.635Z,BTC,USDT,BYBIT,2290000000092210263,42649.99,0.006,sell
2024-01-01T11:37:06.649Z,BTC,USDT,BYBIT,2290000000092210264,42649.49,0.005776,sell
2024-01-01T11:37:06.652Z,BTC,USDT,BYBIT,2290000000092210266,42648.81,0.023445,sell
2024-01-01T11:37:06.652Z,BTC,USDT,BYBIT,2290000000092210265,42649.49,0.000224,sell
2024-01-01T11:37:06.656Z,BTC,USDT,BYBIT,2290000000092210267,42648.44,0.0234,buy
2024-01-01T11:37:06.773Z,BTC,USDT,BYBIT,2290000000092210268,42647.98,0.005,sell
2024-01-01T11:37:06.841Z,BTC,USDT,BYBIT,2290000000092210270,42646.84,0.006,sell
2024-01-01T11:37:06.841Z,BTC,USDT,BYBIT,2290000000092210271,42646.34,0.004,sell
2024-01-01T11:37:06.841Z,BTC,USDT,BYBIT,2290000000092210269,42647.29,0.0015,sell
2024-01-01T11:37:06.841Z,BTC,USDT,BYBIT,2290000000092210272,42646.34,0.002,sell
2024-01-01T11:37:07.030Z,BTC,USDT,BYBIT,2290000000092210274,42645.16,0.152265,sell
2024-01-01T11:37:07.030Z,BTC,USDT,BYBIT,2290000000092210273,42645.16,0.07246,sell
2024-01-01T11:37:09.135Z,BTC,USDT,BYBIT,2290000000092210275,42645.15,0.002411,sell
2024-01-01T11:37:11.340Z,BTC,USDT,BYBIT,2290000000092210276,42645.16,0.010151,buy
2024-01-01T11:37:12.463Z,BTC,USDT,BYBIT,2290000000092210277,42645.16,0.002166,buy
2024-01-01T11:37:12.683Z,BTC,USDT,BYBIT,2290000000092210278,42645.16,0.0234,buy
2024-01-01T11:37:13.443Z,BTC,USDT,BYBIT,2290000000092210280,42645.15,0.0023,sell
2024-01-01T11:37:13.443Z,BTC,USDT,BYBIT,2290000000092210279,42645.15,0.0001,sell
2024-01-01T11:37:13.748Z,BTC,USDT,BYBIT,2290000000092210282,42643.83,0.006,sell
2024-01-01T11:37:13.748Z,BTC,USDT,BYBIT,2290000000092210283,42643.41,0.005,sell
2024-01-01T11:37:13.748Z,BTC,USDT,BYBIT,2290000000092210281,42644.29,0.0015,sell
2024-01-01T11:37:13.748Z,BTC,USDT,BYBIT,2290000000092210284,42643.33,0.006,sell
2024-01-01T11:37:17.402Z,BTC,USDT,BYBIT,2290000000092210285,42642.01,0.015134,buy
2024-01-01T11:37:20.418Z,BTC,USDT,BYBIT,2290000000092210286,42642.01,0.0234,buy
2024-01-01T11:37:20.447Z,BTC,USDT,BYBIT,2290000000092210287,42642.01,2.3e-05,buy
2024-01-01T11:37:20.698Z,BTC,USDT,BYBIT,2290000000092210288,42642.01,0.00053,buy
2024-01-01T11:37:23.413Z,BTC,USDT,BYBIT,2290000000092210289,42642.0,0.006,sell
2024-01-01T11:37:23.413Z,BTC,USDT,BYBIT,2290000000092210291,42642.0,0.0001,sell
2024-01-01T11:37:23.413Z,BTC,USDT,BYBIT,2290000000092210290,42642.0,0.028504,sell
2024-01-01T11:37:23.537Z,BTC,USDT,BYBIT,2290000000092210295,42641.11,0.006,sell
2024-01-01T11:37:23.537Z,BTC,USDT,BYBIT,2290000000092210293,42641.5,0.006,sell
2024-01-01T11:37:23.537Z,BTC,USDT,BYBIT,2290000000092210292,42641.61,0.005,sell
2024-01-01T11:37:23.537Z,BTC,USDT,BYBIT,2290000000092210294,42641.29,0.0015,sell
2024-01-01T11:37:23.538Z,BTC,USDT,BYBIT,2290000000092210296,42640.28,0.003792,sell
2024-01-01T11:37:23.538Z,BTC,USDT,BYBIT,2290000000092210298,42640.0,0.00213,sell
2024-01-01T11:37:23.538Z,BTC,USDT,BYBIT,2290000000092210297,42640.09,0.255633,sell
2024-01-01T11:37:23.538Z,BTC,USDT,BYBIT,2290000000092210299,42640.0,0.0024,sell
2024-01-01T11:37:23.543Z,BTC,USDT,BYBIT,2290000000092210300,42638.29,0.0015,sell
2024-01-01T11:37:23.633Z,BTC,USDT,BYBIT,2290000000092210301,42637.01,0.0234,buy
2024-01-01T11:37:23.924Z,BTC,USDT,BYBIT,2290000000092210302,42637.0,0.00087,sell
2024-01-01T11:37:23.924Z,BTC,USDT,BYBIT,2290000000092210303,42637.0,0.000435,sell
2024-01-01T11:37:29.394Z,BTC,USDT,BYBIT,2290000000092210304,42637.01,2.3e-05,buy
2024-01-01T11:37:32.371Z,BTC,USDT,BYBIT,2290000000092210305,42637.01,0.0234,buy
2024-01-01T11:37:48.904Z,BTC,USDT,BYBIT,2290000000092210306,42637.01,0.0234,buy
2024-01-01T11:37:49.622Z,BTC,USDT,BYBIT,2290000000092210307,42637.01,5e-05,buy
2024-01-01T11:37:49.898Z,BTC,USDT,BYBIT,2290000000092210310,42637.0,0.07,sell
2024-01-01T11:37:49.898Z,BTC,USDT,BYBIT,2290000000092210308,42637.0,0.005,sell
2024-01-01T11:37:49.898Z,BTC,USDT,BYBIT,2290000000092210309,42637.0,0.115,sell
2024-01-01T11:37:49.898Z,BTC,USDT,BYBIT,2290000000092210311,42637.0,0.065,sell
2024-01-01T11:37:49.899Z,BTC,USDT,BYBIT,2290000000092210312,42637.0,0.02345,sell
2024-01-01T11:37:49.899Z,BTC,USDT,BYBIT,2290000000092210313,42637.0,0.19618,sell
2024-01-01T11:37:49.901Z,BTC,USDT,BYBIT,2290000000092210314,42637.0,0.14176,sell
2024-01-01T11:37:49.902Z,BTC,USDT,BYBIT,2290000000092210316,42637.0,0.08829,sell
2024-01-01T11:37:49.902Z,BTC,USDT,BYBIT,2290000000092210315,42637.0,0.01171,sell
2024-01-01T11:37:49.906Z,BTC,USDT,BYBIT,2290000000092210317,42637.0,0.021552,sell
2024-01-01T11:37:50.002Z,BTC,USDT,BYBIT,2290000000092210319,42635.93,0.027441,sell
2024-01-01T11:37:50.002Z,BTC,USDT,BYBIT,2290000000092210318,42636.0,0.0022,sell
2024-01-01T11:37:50.035Z,BTC,USDT,BYBIT,2290000000092210320,42635.29,0.0015,sell
2024-01-01T11:37:50.064Z,BTC,USDT,BYBIT,2290000000092210322,42632.29,0.0015,sell
2024-01-01T11:37:50.064Z,BTC,USDT,BYBIT,2290000000092210321,42633.0,0.00125,sell
2024-01-01T11:37:50.064Z,BTC,USDT,BYBIT,2290000000092210323,42632.04,0.05725,sell
2024-01-01T11:37:50.065Z,BTC,USDT,BYBIT,2290000000092210325,42632.01,0.004582,sell
2024-01-01T11:37:50.065Z,BTC,USDT,BYBIT,2290000000092210326,42632.0,0.112928,sell
2024-01-01T11:37:50.065Z,BTC,USDT,BYBIT,2290000000092210324,42632.04,0.00275,sell
2024-01-01T11:37:50.108Z,BTC,USDT,BYBIT,2290000000092210330,42632.0,0.00273,sell
2024-01-01T11:37:50.108Z,BTC,USDT,BYBIT,2290000000092210328,42632.0,0.0024,sell
2024-01-01T11:37:50.108Z,BTC,USDT,BYBIT,2290000000092210329,42632.0,0.00213,sell
2024-01-01T11:37:50.108Z,BTC,USDT,BYBIT,2290000000092210327,42632.0,7.2e-05,sell
2024-01-01T11:37:50.108Z,BTC,USDT,BYBIT,2290000000092210331,42631.75,0.016118,sell
2024-01-01T11:37:50.236Z,BTC,USDT,BYBIT,2290000000092210332,42631.0,0.00087,sell
2024-01-01T11:37:50.286Z,BTC,USDT,BYBIT,2290000000092210335,42630.0,0.086,sell
2024-01-01T11:37:50.286Z,BTC,USDT,BYBIT,2290000000092210333,42630.0,0.000198,sell
2024-01-01T11:37:50.286Z,BTC,USDT,BYBIT,2290000000092210334,42630.0,0.000255,sell
2024-01-01T11:37:50.312Z,BTC,USDT,BYBIT,2290000000092210336,42629.29,0.0015,sell
2024-01-01T11:37:50.330Z,BTC,USDT,BYBIT,2290000000092210338,42628.0,0.00025,sell
2024-01-01T11:37:50.330Z,BTC,USDT,BYBIT,2290000000092210337,42628.0,0.00125,sell
2024-01-01T11:37:50.348Z,BTC,USDT,BYBIT,2290000000092210340,42628.0,0.00213,sell
2024-01-01T11:37:50.348Z,BTC,USDT,BYBIT,2290000000092210339,42628.0,5e-06,sell
2024-01-01T11:37:50.348Z,BTC,USDT,BYBIT,2290000000092210341,42628.0,0.110865,sell
2024-01-01T11:37:50.349Z,BTC,USDT,BYBIT,2290000000092210342,42628.0,0.002135,sell
2024-01-01T11:37:50.791Z,BTC,USDT,BYBIT,2290000000092210343,42627.75,0.003138,sell
2024-01-01T11:37:51.172Z,BTC,USDT,BYBIT,2290000000092210344,42627.76,0.000853,buy
2024-01-01T11:37:52.021Z,BTC,USDT,BYBIT,2290000000092210348,42626.82,0.002255,sell
2024-01-01T11:37:52.021Z,BTC,USDT,BYBIT,2290000000092210345,42627.25,0.006,sell
2024-01-01T11:37:52.021Z,BTC,USDT,BYBIT,2290000000092210349,42626.29,0.0015,sell
2024-01-01T11:37:52.021Z,BTC,USDT,BYBIT,2290000000092210346,42627.0,0.000255,sell
2024-01-01T11:37:52.021Z,BTC,USDT,BYBIT,2290000000092210347,42626.82,0.003745,sell
2024-01-01T11:37:52.065Z,BTC,USDT,BYBIT,2290000000092210350,42625.5,0.006,sell
2024-01-01T11:37:52.083Z,BTC,USDT,BYBIT,2290000000092210351,42625.0,0.00087,sell
2024-01-01T11:37:52.083Z,BTC,USDT,BYBIT,2290000000092210354,42625.0,0.001159,sell
2024-01-01T11:37:52.083Z,BTC,USDT,BYBIT,2290000000092210352,42625.0,0.00125,sell
2024-01-01T11:37:52.083Z,BTC,USDT,BYBIT,2290000000092210353,42625.0,0.000198,sell
2024-01-01T11:37:52.155Z,BTC,USDT,BYBIT,2290000000092210355,42625.01,0.0234,buy
2024-01-01T11:37:55.579Z,BTC,USDT,BYBIT,2290000000092210356,42625.01,0.041094,buy
2024-01-01T11:37:58.237Z,BTC,USDT,BYBIT,2290000000092210357,42625.01,0.020561,buy
2024-01-01T11:38:00.614Z,BTC,USDT,BYBIT,2290000000092210358,42625.01,0.0234,buy
2024-01-01T11:38:01.407Z,BTC,USDT,BYBIT,2290000000092210359,42625.01,2.3e-05,buy
2024-01-01T11:38:01.565Z,BTC,USDT,BYBIT,2290000000092210360,42625.01,0.027849,buy
2024-01-01T11:38:01.590Z,BTC,USDT,BYBIT,2290000000092210361,42625.01,0.011566,buy
2024-01-01T11:38:01.684Z,BTC,USDT,BYBIT,2290000000092210362,42625.01,0.014,buy
2024-01-01T11:38:01.783Z,BTC,USDT,BYBIT,2290000000092210364,42625.01,0.002787,buy
2024-01-01T11:38:01.783Z,BTC,USDT,BYBIT,2290000000092210363,42625.01,0.006591,buy
2024-01-01T11:38:01.795Z,BTC,USDT,BYBIT,2290000000092210365,42625.01,0.018756,buy
2024-01-01T11:38:02.529Z,BTC,USDT,BYBIT,2290000000092210367,42625.01,0.010009,buy
2024-01-01T11:38:02.529Z,BTC,USDT,BYBIT,2290000000092210366,42625.01,0.018461,buy
2024-01-01T11:38:02.537Z,BTC,USDT,BYBIT,2290000000092210369,42625.01,0.032367,buy
2024-01-01T11:38:02.537Z,BTC,USDT,BYBIT,2290000000092210368,42625.01,0.049992,buy
2024-01-01T11:38:02.654Z,BTC,USDT,BYBIT,2290000000092210370,42625.01,0.0024,buy
2024-01-01T11:38:02.657Z,BTC,USDT,BYBIT,2290000000092210371,42625.01,0.005237,buy
2024-01-01T11:38:05.779Z,BTC,USDT,BYBIT,2290000000092210372,42627.99,0.0234,buy
2024-01-01T11:38:06.884Z,BTC,USDT,BYBIT,2290000000092210374,42627.99,0.086449,buy
2024-01-01T11:38:06.884Z,BTC,USDT,BYBIT,2290000000092210373,42627.99,0.258129,buy
2024-01-01T11:38:06.885Z,BTC,USDT,BYBIT,2290000000092210375,42628.01,0.0001,buy
2024-01-01T11:38:06.888Z,BTC,USDT,BYBIT,2290000000092210377,42629.7,0.006,buy
2024-01-01T11:38:06.888Z,BTC,USDT,BYBIT,2290000000092210376,42629.29,0.0015,buy
2024-01-01T11:38:07.041Z,BTC,USDT,BYBIT,2290000000092210378,42630.0,0.029996,buy
2024-01-01T11:38:07.086Z,BTC,USDT,BYBIT,2290000000092210379,42630.0,0.009244,buy
2024-01-01T11:38:07.119Z,BTC,USDT,BYBIT,2290000000092210380,42630.0,0.004517,buy
2024-01-01T11:38:07.120Z,BTC,USDT,BYBIT,2290000000092210381,42630.0,0.005905,buy
2024-01-01T11:38:07.273Z,BTC,USDT,BYBIT,2290000000092210382,42630.0,0.003272,buy
2024-01-01T11:38:08.156Z,BTC,USDT,BYBIT,2290000000092210383,42630.0,0.02823,buy
2024-01-01T11:38:09.207Z,BTC,USDT,BYBIT,2290000000092210384,42630.0,0.003353,buy
2024-01-01T11:38:10.846Z,BTC,USDT,BYBIT,2290000000092210385,42630.0,0.00535,buy
2024-01-01T11:38:18.284Z,BTC,USDT,BYBIT,2290000000092210387,42630.0,0.006867,buy
2024-01-01T11:38:18.284Z,BTC,USDT,BYBIT,2290000000092210386,42630.0,0.023133,buy
2024-01-01T11:38:20.286Z,BTC,USDT,BYBIT,2290000000092210388,42630.0,3e-05,buy
2024-01-01T11:38:24.740Z,BTC,USDT,BYBIT,2290000000092210389,42630.0,0.0234,buy
2024-01-01T11:38:30.071Z,BTC,USDT,BYBIT,2290000000092210390,42630.0,0.0234,buy
2024-01-01T11:38:31.992Z,BTC,USDT,BYBIT,2290000000092210392,42629.99,0.0001,sell
2024-01-01T11:38:31.992Z,BTC,USDT,BYBIT,2290000000092210391,42629.99,0.027639,sell
2024-01-01T11:38:31.992Z,BTC,USDT,BYBIT,2290000000092210393,42629.99,0.03673,sell
2024-01-01T11:38:31.992Z,BTC,USDT,BYBIT,2290000000092210394,42629.99,0.07,sell
2024-01-01T11:38:39.226Z,BTC,USDT,BYBIT,2290000000092210395,42628.38,0.088945,sell
2024-01-01T11:38:42.825Z,BTC,USDT,BYBIT,2290000000092210396,42628.38,0.031055,sell
2024-01-01T11:38:42.825Z,BTC,USDT,BYBIT,2290000000092210398,42628.38,0.0001,sell
2024-01-01T11:38:42.825Z,BTC,USDT,BYBIT,2290000000092210397,42628.38,0.07,sell
2024-01-01T11:38:42.825Z,BTC,USDT,BYBIT,2290000000092210399,42628.38,0.016138,sell
2024-01-01T11:38:46.388Z,BTC,USDT,BYBIT,2290000000092210400,42627.99,0.000783,buy
2024-01-01T11:38:48.143Z,BTC,USDT,BYBIT,2290000000092210401,42627.99,0.00516,buy
2024-01-01T11:38:53.953Z,BTC,USDT,BYBIT,2290000000092210402,42627.98,0.027123,sell
2024-01-01T11:38:54.596Z,BTC,USDT,BYBIT,2290000000092210403,42627.99,0.014432,buy
2024-01-01T11:39:01.813Z,BTC,USDT,BYBIT,2290000000092210405,42627.98,0.020681,sell
2024-01-01T11:39:01.813Z,BTC,USDT,BYBIT,2290000000092210404,42627.98,0.0001,sell
2024-01-01T11:39:04.703Z,BTC,USDT,BYBIT,2290000000092210406,42627.99,3.3e-05,buy
2024-01-01T11:39:09.281Z,BTC,USDT,BYBIT,2290000000092210407,42627.99,0.007056,buy
2024-01-01T11:39:13.611Z,BTC,USDT,BYBIT,2290000000092210408,42627.99,0.0234,buy
2024-01-01T11:39:19.729Z,BTC,USDT,BYBIT,2290000000092210409,42627.99,0.000596,buy
2024-01-01T11:39:20.378Z,BTC,USDT,BYBIT,2290000000092210410,42627.99,0.005101,buy
2024-01-01T11:39:20.849Z,BTC,USDT,BYBIT,2290000000092210411,42627.99,0.0234,buy
2024-01-01T11:39:23.290Z,BTC,USDT,BYBIT,2290000000092210412,42627.99,0.004848,buy
2024-01-01T11:39:23.372Z,BTC,USDT,BYBIT,2290000000092210414,42627.99,0.0001,buy
2024-01-01T11:39:23.372Z,BTC,USDT,BYBIT,2290000000092210418,42630.0,0.141998,buy
2024-01-01T11:39:23.372Z,BTC,USDT,BYBIT,2290000000092210416,42629.1,0.046917,buy
2024-01-01T11:39:23.372Z,BTC,USDT,BYBIT,2290000000092210415,42627.99,0.029755,buy
2024-01-01T11:39:23.372Z,BTC,USDT,BYBIT,2290000000092210419,42630.49,0.006,buy
2024-01-01T11:39:23.372Z,BTC,USDT,BYBIT,2290000000092210417,42629.83,0.295608,buy
2024-01-01T11:39:23.372Z,BTC,USDT,BYBIT,2290000000092210413,42627.99,0.217148,buy
2024-01-01T11:39:23.374Z,BTC,USDT,BYBIT,2290000000092210420,42630.99,0.006,buy
2024-01-01T11:39:23.374Z,BTC,USDT,BYBIT,2290000000092210421,42631.0,0.00087,buy
2024-01-01T11:39:23.376Z,BTC,USDT,BYBIT,2290000000092210422,42632.29,0.0015,buy
2024-01-01T11:39:23.376Z,BTC,USDT,BYBIT,2290000000092210424,42633.29,0.004175,buy
2024-01-01T11:39:23.376Z,BTC,USDT,BYBIT,2290000000092210423,42633.0,0.00125,buy
2024-01-01T11:39:23.377Z,BTC,USDT,BYBIT,2290000000092210427,42634.16,0.02346,buy
2024-01-01T11:39:23.377Z,BTC,USDT,BYBIT,2290000000092210431,42635.29,0.381029,buy
2024-01-01T11:39:23.377Z,BTC,USDT,BYBIT,2290000000092210428,42634.19,0.011729,buy
2024-01-01T11:39:23.377Z,BTC,USDT,BYBIT,2290000000092210432,42635.29,0.449352,buy
2024-01-01T11:39:23.377Z,BTC,USDT,BYBIT,2290000000092210429,42635.0,0.000255,buy
2024-01-01T11:39:23.377Z,BTC,USDT,BYBIT,2290000000092210430,42635.29,0.0015,buy
2024-01-01T11:39:23.377Z,BTC,USDT,BYBIT,2290000000092210425,42633.29,0.241605,buy
2024-01-01T11:39:23.377Z,BTC,USDT,BYBIT,2290000000092210426,42633.3,0.023457,buy
2024-01-01T11:39:23.378Z,BTC,USDT,BYBIT,2290000000092210436,42635.53,0.005,buy
2024-01-01T11:39:23.378Z,BTC,USDT,BYBIT,2290000000092210434,42635.4,0.004982,buy
2024-01-01T11:39:23.378Z,BTC,USDT,BYBIT,2290000000092210437,42635.75,0.055777,buy
2024-01-01T11:39:23.378Z,BTC,USDT,BYBIT,2290000000092210433,42635.29,0.265062,buy
2024-01-01T11:39:23.378Z,BTC,USDT,BYBIT,2290000000092210435,42635.43,0.011729,buy
2024-01-01T11:39:23.382Z,BTC,USDT,BYBIT,2290000000092210439,42635.75,0.119406,buy
2024-01-01T11:39:23.382Z,BTC,USDT,BYBIT,2290000000092210438,42635.51,0.02346,buy
2024-01-01T11:39:23.382Z,BTC,USDT,BYBIT,2290000000092210440,42636.09,0.028718,buy
2024-01-01T11:39:23.382Z,BTC,USDT,BYBIT,2290000000092210441,42636.5,0.002346,buy
2024-01-01T11:39:23.382Z,BTC,USDT,BYBIT,2290000000092210442,42636.51,0.06,buy
2024-01-01T11:39:23.436Z,BTC,USDT,BYBIT,2290000000092210445,42637.01,0.000255,buy
2024-01-01T11:39:23.436Z,BTC,USDT,BYBIT,2290000000092210444,42637.01,0.00125,buy
2024-01-01T11:39:23.436Z,BTC,USDT,BYBIT,2290000000092210443,42637.01,0.00087,buy
2024-01-01T11:39:23.436Z,BTC,USDT,BYBIT,2290000000092210446,42637.01,0.00213,buy
2024-01-01T11:39:23.436Z,BTC,USDT,BYBIT,2290000000092210447,42637.01,0.003026,buy
2024-01-01T11:39:23.439Z,BTC,USDT,BYBIT,2290000000092210450,42638.0,0.000198,buy
2024-01-01T11:39:23.439Z,BTC,USDT,BYBIT,2290000000092210453,42639.41,0.078685,buy
2024-01-01T11:39:23.439Z,BTC,USDT,BYBIT,2290000000092210451,42638.04,0.102915,buy
2024-01-01T11:39:23.439Z,BTC,USDT,BYBIT,2290000000092210452,42638.29,0.0015,buy
2024-01-01T11:39:23.439Z,BTC,USDT,BYBIT,2290000000092210448,42637.27,0.006,buy
2024-01-01T11:39:23.439Z,BTC,USDT,BYBIT,2290000000092210449,42638.0,0.000255,buy
2024-01-01T11:39:23.665Z,BTC,USDT,BYBIT,2290000000092210454,42639.4,0.01605,buy
2024-01-01T11:39:24.009Z,BTC,USDT,BYBIT,2290000000092210455,42639.4,0.016041,buy
2024-01-01T11:39:41.486Z,BTC,USDT,BYBIT,2290000000092210456,42639.4,0.000234,buy
2024-01-01T11:39:43.411Z,BTC,USDT,BYBIT,2290000000092210457,42639.4,0.005269,buy
2024-01-01T11:39:45.037Z,BTC,USDT,BYBIT,2290000000092210458,42639.4,0.013039,buy
2024-01-01T11:39:52.472Z,BTC,USDT,BYBIT,2290000000092210459,42639.4,0.000164,buy
2024-01-01T11:39:58.525Z,BTC,USDT,BYBIT,2290000000092210460,42639.4,3.2e-05,buy
2024-01-01T11:39:59.642Z,BTC,USDT,BYBIT,2290000000092210461,42639.4,4.6e-05,buy
2024-01-01T11:40:00.486Z,BTC,USDT,BYBIT,2290000000092210462,42639.4,4.6e-05,buy
2024-01-01T11:40:01.469Z,BTC,USDT,BYBIT,2290000000092210463,42639.4,0.0234,buy
2024-01-01T11:40:03.195Z,BTC,USDT,BYBIT,2290000000092210464,42639.4,0.011576,buy
2024-01-01T11:40:05.262Z,BTC,USDT,BYBIT,2290000000092210467,42639.4,0.04,buy
2024-01-01T11:40:05.262Z,BTC,USDT,BYBIT,2290000000092210469,42640.0,0.0024,buy
2024-01-01T11:40:05.262Z,BTC,USDT,BYBIT,2290000000092210468,42639.4,0.06,buy
2024-01-01T11:40:05.262Z,BTC,USDT,BYBIT,2290000000092210466,42639.4,0.04,buy
2024-01-01T11:40:05.262Z,BTC,USDT,BYBIT,2290000000092210465,42639.4,0.281503,buy
2024-01-01T11:40:05.262Z,BTC,USDT,BYBIT,2290000000092210470,42640.0,0.00213,buy
2024-01-01T11:40:05.264Z,BTC,USDT,BYBIT,2290000000092210471,42641.0,0.00125,buy
2024-01-01T11:40:05.264Z,BTC,USDT,BYBIT,2290000000092210472,42641.29,0.0015,buy
2024-01-01T11:40:05.353Z,BTC,USDT,BYBIT,2290000000092210473,42641.83,0.0234,buy
2024-01-01T11:40:05.371Z,BTC,USDT,BYBIT,2290000000092210474,42641.83,5.3e-05,buy
2024-01-01T11:40:05.516Z,BTC,USDT,BYBIT,2290000000092210475,42642.94,0.012336,buy
2024-01-01T11:40:05.517Z,BTC,USDT,BYBIT,2290000000092210476,42642.94,0.002268,buy
2024-01-01T11:40:05.520Z,BTC,USDT,BYBIT,2290000000092210477,42642.94,0.01525,buy
2024-01-01T11:40:07.113Z,BTC,USDT,BYBIT,2290000000092210478,42643.0,0.00087,buy
2024-01-01T11:40:07.673Z,BTC,USDT,BYBIT,2290000000092210479,42644.29,0.001363,buy
2024-01-01T11:40:07.678Z,BTC,USDT,BYBIT,2290000000092210481,42644.29,0.0001,buy
2024-01-01T11:40:07.678Z,BTC,USDT,BYBIT,2290000000092210480,42644.29,0.000137,buy
2024-01-01T11:40:07.718Z,BTC,USDT,BYBIT,2290000000092210482,42644.99,0.072139,buy
2024-01-01T11:40:07.720Z,BTC,USDT,BYBIT,2290000000092210484,42645.0,0.006086,buy
2024-01-01T11:40:07.720Z,BTC,USDT,BYBIT,2290000000092210486,42645.0,0.00273,buy
2024-01-01T11:40:07.720Z,BTC,USDT,BYBIT,2290000000092210485,42645.0,0.079914,buy
2024-01-01T11:40:07.720Z,BTC,USDT,BYBIT,2290000000092210483,42644.99,0.20927,buy
2024-01-01T11:40:07.741Z,BTC,USDT,BYBIT,2290000000092210487,42647.0,0.000198,buy
2024-01-01T11:40:07.741Z,BTC,USDT,BYBIT,2290000000092210488,42647.0,0.000155,buy
2024-01-01T11:40:07.936Z,BTC,USDT,BYBIT,2290000000092210489,42647.29,0.0015,buy
2024-01-01T11:40:07.936Z,BTC,USDT,BYBIT,2290000000092210490,42647.29,0.0265,buy
2024-01-01T11:40:08.501Z,BTC,USDT,BYBIT,2290000000092210491,42647.99,0.002864,buy
2024-01-01T11:40:08.548Z,BTC,USDT,BYBIT,2290000000092210492,42647.99,0.00703,buy
2024-01-01T11:40:08.598Z,BTC,USDT,BYBIT,2290000000092210493,42648.0,0.00213,buy
2024-01-01T11:40:08.598Z,BTC,USDT,BYBIT,2290000000092210494,42648.0,0.0024,buy
2024-01-01T11:40:08.599Z,BTC,USDT,BYBIT,2290000000092210495,42649.72,0.0234,buy
2024-01-01T11:40:08.632Z,BTC,USDT,BYBIT,2290000000092210496,42649.72,0.002151,buy
2024-01-01T11:40:08.646Z,BTC,USDT,BYBIT,2290000000092210497,42649.72,0.001538,buy
2024-01-01T11:40:16.735Z,BTC,USDT,BYBIT,2290000000092210500,42649.98,0.059989,sell
2024-01-01T11:40:16.735Z,BTC,USDT,BYBIT,2290000000092210501,42649.98,0.059988,sell
2024-01-01T11:40:16.735Z,BTC,USDT,BYBIT,2290000000092210502,42649.98,0.0001,sell
2024-01-01T11:40:16.735Z,BTC,USDT,BYBIT,2290000000092210504,42649.97,0.030192,sell
2024-01-01T11:40:16.735Z,BTC,USDT,BYBIT,2290000000092210506,42649.71,0.005,sell
2024-01-01T11:40:16.735Z,BTC,USDT,BYBIT,2290000000092210505,42649.71,0.006,sell
2024-01-01T11:40:16.735Z,BTC,USDT,BYBIT,2290000000092210498,42649.98,0.039992,sell
2024-01-01T11:40:16.735Z,BTC,USDT,BYBIT,2290000000092210503,42649.97,0.006,sell
2024-01-01T11:40:16.735Z,BTC,USDT,BYBIT,2290000000092210499,42649.98,0.039992,sell
2024-01-01T11:40:16.775Z,BTC,USDT,BYBIT,2290000000092210508,42649.22,0.006,sell
2024-01-01T11:40:16.775Z,BTC,USDT,BYBIT,2290000000092210507,42649.23,0.10319,sell
2024-01-01T11:40:16.818Z,BTC,USDT,BYBIT,2290000000092210509,42648.73,0.0234,buy
2024-01-01T11:40:17.073Z,BTC,USDT,BYBIT,2290000000092210510,42648.72,0.006,sell
2024-01-01T11:40:17.075Z,BTC,USDT,BYBIT,2290000000092210512,42647.28,0.028318,sell
2024-01-01T11:40:17.075Z,BTC,USDT,BYBIT,2290000000092210511,42648.22,0.006,sell
2024-01-01T11:40:17.102Z,BTC,USDT,BYBIT,2290000000092210513,42644.29,0.0015,sell
2024-01-01T11:40:17.102Z,BTC,USDT,BYBIT,2290000000092210514,42644.29,0.0009,sell
2024-01-01T11:40:21.648Z,BTC,USDT,BYBIT,2290000000092210515,42644.29,0.004694,sell
2024-01-01T11:40:26.440Z,BTC,USDT,BYBIT,2290000000092210517,42644.28,0.028745,sell
2024-01-01T11:40:26.440Z,BTC,USDT,BYBIT,2290000000092210516,42644.29,0.006,sell
2024-01-01T11:40:26.440Z,BTC,USDT,BYBIT,2290000000092210518,42644.24,0.0001,sell
2024-01-01T11:40:26.441Z,BTC,USDT,BYBIT,2290000000092210520,42643.71,0.005,sell
2024-01-01T11:40:26.441Z,BTC,USDT,BYBIT,2290000000092210519,42643.79,0.006,sell
2024-01-01T11:40:26.452Z,BTC,USDT,BYBIT,2290000000092210521,42642.35,0.004572,sell
2024-01-01T11:40:26.621Z,BTC,USDT,BYBIT,2290000000092210524,42641.29,0.00075,sell
2024-01-01T11:40:26.621Z,BTC,USDT,BYBIT,2290000000092210522,42641.3,0.0234,buy
2024-01-01T11:40:26.621Z,BTC,USDT,BYBIT,2290000000092210523,42641.29,0.0015,sell
2024-01-01T11:40:26.837Z,BTC,USDT,BYBIT,2290000000092210525,42641.15,0.000101,buy
2024-01-01T11:40:28.661Z,BTC,USDT,BYBIT,2290000000092210527,42640.0,0.00213,sell
2024-01-01T11:40:28.661Z,BTC,USDT,BYBIT,2290000000092210526,42640.0,0.0024,sell
2024-01-01T11:40:30.981Z,BTC,USDT,BYBIT,2290000000092210528,42638.29,0.0015,sell
2024-01-01T11:40:31.218Z,BTC,USDT,BYBIT,2290000000092210532,42636.27,0.005,sell
2024-01-01T11:40:31.218Z,BTC,USDT,BYBIT,2290000000092210531,42637.0,0.00087,sell
2024-01-01T11:40:31.218Z,BTC,USDT,BYBIT,2290000000092210529,42638.2,0.006,sell
2024-01-01T11:40:31.218Z,BTC,USDT,BYBIT,2290000000092210530,42637.7,0.006,sell
2024-01-01T11:40:32.047Z,BTC,USDT,BYBIT,2290000000092210533,42636.01,4.6e-05,buy
2024-01-01T11:40:32.764Z,BTC,USDT,BYBIT,2290000000092210535,42636.0,0.027692,sell
2024-01-01T11:40:32.764Z,BTC,USDT,BYBIT,2290000000092210534,42636.0,0.006,sell
2024-01-01T11:40:32.772Z,BTC,USDT,BYBIT,2290000000092210536,42635.5,0.006,sell
2024-01-01T11:40:32.772Z,BTC,USDT,BYBIT,2290000000092210537,42635.29,0.0015,sell
2024-01-01T11:40:32.852Z,BTC,USDT,BYBIT,2290000000092210538,42634.02,0.0234,buy
2024-01-01T11:40:32.953Z,BTC,USDT,BYBIT,2290000000092210539,42634.01,0.06,sell
2024-01-01T11:40:32.960Z,BTC,USDT,BYBIT,2290000000092210540,42633.9,0.006,sell
2024-01-01T11:40:32.960Z,BTC,USDT,BYBIT,2290000000092210544,42632.29,0.0015,sell
2024-01-01T11:40:32.960Z,BTC,USDT,BYBIT,2290000000092210542,42633.5,0.002,sell
2024-01-01T11:40:32.960Z,BTC,USDT,BYBIT,2290000000092210543,42633.0,0.00125,sell
2024-01-01T11:40:32.960Z,BTC,USDT,BYBIT,2290000000092210541,42633.5,0.004,sell
2024-01-01T11:40:33.161Z,BTC,USDT,BYBIT,2290000000092210547,42632.0,0.00273,sell
2024-01-01T11:40:33.161Z,BTC,USDT,BYBIT,2290000000092210545,42632.0,0.00213,sell
2024-01-01T11:40:33.161Z,BTC,USDT,BYBIT,2290000000092210549,42632.0,0.00326,sell
2024-01-01T11:40:33.161Z,BTC,USDT,BYBIT,2290000000092210546,42632.0,0.0024,sell
2024-01-01T11:40:33.161Z,BTC,USDT,BYBIT,2290000000092210548,42632.0,0.00274,sell
2024-01-01T11:40:33.179Z,BTC,USDT,BYBIT,2290000000092210550,42631.5,0.006,sell
2024-01-01T11:40:33.179Z,BTC,USDT,BYBIT,2290000000092210554,42630.35,0.009086,sell
2024-01-01T11:40:33.179Z,BTC,USDT,BYBIT,2290000000092210555,42630.01,0.004504,sell
2024-01-01T11:40:33.179Z,BTC,USDT,BYBIT,2290000000092210553,42631.0,0.00087,sell
2024-01-01T11:40:33.179Z,BTC,USDT,BYBIT,2290000000092210552,42631.5,0.07,sell
2024-01-01T11:40:33.179Z,BTC,USDT,BYBIT,2290000000092210562,42629.98,0.023462,sell
2024-01-01T11:40:33.179Z,BTC,USDT,BYBIT,2290000000092210551,42631.5,0.12,sell
2024-01-01T11:40:33.179Z,BTC,USDT,BYBIT,2290000000092210557,42631.0,0.006,sell
2024-01-01T11:40:33.179Z,BTC,USDT,BYBIT,2290000000092210558,42630.0,0.080085,sell
2024-01-01T11:40:33.179Z,BTC,USDT,BYBIT,2290000000092210561,42630.0,0.086,sell
2024-01-01T11:40:33.179Z,BTC,USDT,BYBIT,2290000000092210560,42630.0,0.000198,sell
2024-01-01T11:40:33.179Z,BTC,USDT,BYBIT,2290000000092210556,42630.0,0.032915,sell
2024-01-01T11:40:33.179Z,BTC,USDT,BYBIT,2290000000092210559,42630.0,0.000255,sell
2024-01-01T11:40:33.183Z,BTC,USDT,BYBIT,2290000000092210563,42629.29,0.0015,sell
2024-01-01T11:40:33.346Z,BTC,USDT,BYBIT,2290000000092210564,42627.93,0.117294,buy
2024-01-01T11:40:37.215Z,BTC,USDT,BYBIT,2290000000092210565,42627.8,0.005994,buy
2024-01-01T11:40:37.945Z,BTC,USDT,BYBIT,2290000000092210566,42627.8,0.00016,buy
2024-01-01T11:40:42.710Z,BTC,USDT,BYBIT,2290000000092210567,42627.79,0.00206,sell
2024-01-01T11:40:42.897Z,BTC,USDT,BYBIT,2290000000092210568,42627.79,0.00394,sell
2024-01-01T11:40:42.897Z,BTC,USDT,BYBIT,2290000000092210570,42627.79,0.0671,sell
2024-01-01T11:40:42.897Z,BTC,USDT,BYBIT,2290000000092210573,42627.79,0.106794,sell
2024-01-01T11:40:42.897Z,BTC,USDT,BYBIT,2290000000092210578,42626.58,0.005,sell
2024-01-01T11:40:42.897Z,BTC,USDT,BYBIT,2290000000092210577,42626.83,0.028068,sell
2024-01-01T11:40:42.897Z,BTC,USDT,BYBIT,2290000000092210575,42627.63,0.12,sell
2024-01-01T11:40:42.897Z,BTC,USDT,BYBIT,2290000000092210569,42627.79,0.12,sell
2024-01-01T11:40:42.897Z,BTC,USDT,BYBIT,2290000000092210572,42627.79,0.000606,sell
2024-01-01T11:40:42.897Z,BTC,USDT,BYBIT,2290000000092210580,42626.0,0.113,sell
2024-01-01T11:40:42.897Z,BTC,USDT,BYBIT,2290000000092210576,42627.42,0.006,sell
2024-01-01T11:40:42.897Z,BTC,USDT,BYBIT,2290000000092210574,42627.79,0.13046,sell
2024-01-01T11:40:42.897Z,BTC,USDT,BYBIT,2290000000092210571,42627.79,0.5,sell
2024-01-01T11:40:42.897Z,BTC,USDT,BYBIT,2290000000092210579,42626.29,0.0015,sell
2024-01-01T11:40:42.904Z,BTC,USDT,BYBIT,2290000000092210582,42625.0,0.00125,sell
2024-01-01T11:40:42.904Z,BTC,USDT,BYBIT,2290000000092210581,42625.0,0.00087,sell
2024-01-01T11:40:42.904Z,BTC,USDT,BYBIT,2290000000092210583,42625.0,0.000198,sell
2024-01-01T11:40:42.942Z,BTC,USDT,BYBIT,2290000000092210586,42624.0,0.000198,sell
2024-01-01T11:40:42.942Z,BTC,USDT,BYBIT,2290000000092210584,42624.0,0.000665,sell
2024-01-01T11:40:42.942Z,BTC,USDT,BYBIT,2290000000092210587,42624.0,0.001497,sell
2024-01-01T11:40:42.942Z,BTC,USDT,BYBIT,2290000000092210585,42624.0,0.00213,sell
2024-01-01T11:40:43.030Z,BTC,USDT,BYBIT,2290000000092210588,42624.01,0.0234,buy
2024-01-01T11:40:43.413Z,BTC,USDT,BYBIT,2290000000092210589,42624.0,0.006,sell
2024-01-01T11:40:43.413Z,BTC,USDT,BYBIT,2290000000092210590,42624.0,0.00698,sell
2024-01-01T11:40:44.518Z,BTC,USDT,BYBIT,2290000000092210591,42623.59,0.006,sell
2024-01-01T11:40:44.518Z,BTC,USDT,BYBIT,2290000000092210593,42623.0,0.000255,sell
2024-01-01T11:40:44.518Z,BTC,USDT,BYBIT,2290000000092210594,42622.89,0.006,sell
2024-01-01T11:40:44.518Z,BTC,USDT,BYBIT,2290000000092210592,42623.29,0.0015,sell
2024-01-01T11:40:47.028Z,BTC,USDT,BYBIT,2290000000092210595,42622.01,0.00206,buy
2024-01-01T11:40:51.521Z,BTC,USDT,BYBIT,2290000000092210598,42622.01,0.03632,buy
2024-01-01T11:40:51.521Z,BTC,USDT,BYBIT,2290000000092210597,42622.01,0.245287,buy
2024-01-01T11:40:51.521Z,BTC,USDT,BYBIT,2290000000092210596,42622.01,0.060001,buy
2024-01-01T11:40:51.521Z,BTC,USDT,BYBIT,2290000000092210599,42622.01,0.0001,buy
2024-01-01T11:40:51.572Z,BTC,USDT,BYBIT,2290000000092210600,42625.99,0.0234,buy
2024-01-01T11:40:52.914Z,BTC,USDT,BYBIT,2290000000092210601,42625.98,0.000524,sell
2024-01-01T11:40:53.854Z,BTC,USDT,BYBIT,2290000000092210602,42625.99,0.0001,buy
2024-01-01T11:40:53.854Z,BTC,USDT,BYBIT,2290000000092210603,42626.29,0.0015,buy
2024-01-01T11:40:56.206Z,BTC,USDT,BYBIT,2290000000092210604,42627.41,0.0008,sell
2024-01-01T11:40:56.206Z,BTC,USDT,BYBIT,2290000000092210605,42627.41,0.000382,sell
2024-01-01T11:40:58.105Z,BTC,USDT,BYBIT,2290000000092210606,42627.41,0.004647,sell
2024-01-01T11:40:59.211Z,BTC,USDT,BYBIT,2290000000092210608,42627.42,0.0174,buy
2024-01-01T11:40:59.211Z,BTC,USDT,BYBIT,2290000000092210607,42627.42,0.006,buy
2024-01-01T11:40:59.380Z,BTC,USDT,BYBIT,2290000000092210610,42627.92,0.000253,buy
2024-01-01T11:40:59.380Z,BTC,USDT,BYBIT,2290000000092210609,42627.42,0.0001,buy
2024-01-01T11:40:59.777Z,BTC,USDT,BYBIT,2290000000092210611,42627.41,0.000621,sell
2024-01-01T11:41:08.743Z,BTC,USDT,BYBIT,2290000000092210612,42627.92,0.003499,buy
2024-01-01T11:41:13.472Z,BTC,USDT,BYBIT,2290000000092210613,42627.91,0.0001,sell
2024-01-01T11:41:13.472Z,BTC,USDT,BYBIT,2290000000092210614,42627.41,0.0001,sell
2024-01-01T11:41:14.875Z,BTC,USDT,BYBIT,2290000000092210616,42625.97,0.002012,buy
2024-01-01T11:41:14.875Z,BTC,USDT,BYBIT,2290000000092210615,42625.97,0.000153,buy
2024-01-01T11:41:15.526Z,BTC,USDT,BYBIT,2290000000092210617,42625.96,0.002507,sell
2024-01-01T11:41:16.882Z,BTC,USDT,BYBIT,2290000000092210618,42625.96,8.1e-05,sell
2024-01-01T11:41:19.266Z,BTC,USDT,BYBIT,2290000000092210619,42625.96,0.004676,sell
2024-01-01T11:41:19.266Z,BTC,USDT,BYBIT,2290000000092210620,42625.96,0.0001,sell
2024-01-01T11:41:19.301Z,BTC,USDT,BYBIT,2290000000092210621,42624.8,0.0234,buy
2024-01-01T11:41:24.971Z,BTC,USDT,BYBIT,2290000000092210622,42624.8,7e-05,buy
2024-01-01T11:41:25.066Z,BTC,USDT,BYBIT,2290000000092210623,42624.8,0.03653,buy
2024-01-01T11:41:25.066Z,BTC,USDT,BYBIT,2290000000092210624,42624.8,0.139986,buy
2024-01-01T11:41:27.901Z,BTC,USDT,BYBIT,2290000000092210625,42624.8,0.0001,buy
2024-01-01T11:41:27.901Z,BTC,USDT,BYBIT,2290000000092210626,42624.96,0.000253,buy
2024-01-01T11:41:28.605Z,BTC,USDT,BYBIT,2290000000092210627,42624.8,0.000652,buy
2024-01-01T11:41:30.614Z,BTC,USDT,BYBIT,2290000000092210628,42624.8,4.9e-05,buy
2024-01-01T11:41:31.669Z,BTC,USDT,BYBIT,2290000000092210629,42624.8,0.0234,buy
2024-01-01T11:41:31.951Z,BTC,USDT,BYBIT,2290000000092210630,42624.8,0.000591,buy
2024-01-01T11:41:31.951Z,BTC,USDT,BYBIT,2290000000092210631,42625.99,0.000296,buy
2024-01-01T11:41:33.719Z,BTC,USDT,BYBIT,2290000000092210632,42625.98,0.005,sell
2024-01-01T11:41:33.719Z,BTC,USDT,BYBIT,2290000000092210633,42625.98,0.00024,sell
2024-01-01T11:41:34.622Z,BTC,USDT,BYBIT,2290000000092210634,42625.99,2.3e-05,buy
2024-01-01T11:41:36.207Z,BTC,USDT,BYBIT,2290000000092210635,42625.99,0.021073,buy
2024-01-01T11:41:43.259Z,BTC,USDT,BYBIT,2290000000092210637,42625.98,0.059994,sell
2024-01-01T11:41:43.259Z,BTC,USDT,BYBIT,2290000000092210636,42625.98,0.01716,sell
2024-01-01T11:41:43.259Z,BTC,USDT,BYBIT,2290000000092210639,42625.79,0.12,sell
2024-01-01T11:41:43.259Z,BTC,USDT,BYBIT,2290000000092210638,42625.98,0.023464,sell
2024-01-01T11:41:43.262Z,BTC,USDT,BYBIT,2290000000092210641,42624.79,0.006,sell
2024-01-01T11:41:43.262Z,BTC,USDT,BYBIT,2290000000092210640,42624.81,0.06,sell
2024-01-01T11:41:43.271Z,BTC,USDT,BYBIT,2290000000092210643,42623.29,0.0015,sell
2024-01-01T11:41:43.271Z,BTC,USDT,BYBIT,2290000000092210642,42624.49,0.006,sell
2024-01-01T11:41:43.351Z,BTC,USDT,BYBIT,2290000000092210644,42622.03,0.0234,buy
2024-01-01T11:41:44.486Z,BTC,USDT,BYBIT,2290000000092210645,42622.02,0.000795,sell
2024-01-01T11:41:49.636Z,BTC,USDT,BYBIT,2290000000092210646,42622.03,0.000234,buy
2024-01-01T11:41:49.739Z,BTC,USDT,BYBIT,2290000000092210647,42622.03,0.000336,buy
2024-01-01T11:41:52.259Z,BTC,USDT,BYBIT,2290000000092210648,42622.03,0.259188,buy
2024-01-01T11:41:55.307Z,BTC,USDT,BYBIT,2290000000092210649,42622.03,0.0234,buy
2024-01-01T11:41:55.502Z,BTC,USDT,BYBIT,2290000000092210653,42622.0,0.000255,sell
2024-01-01T11:41:55.502Z,BTC,USDT,BYBIT,2290000000092210654,42622.0,0.00213,sell
2024-01-01T11:41:55.502Z,BTC,USDT,BYBIT,2290000000092210652,42622.0,0.000198,sell
2024-01-01T11:41:55.502Z,BTC,USDT,BYBIT,2290000000092210650,42622.02,0.0001,sell
2024-01-01T11:41:55.502Z,BTC,USDT,BYBIT,2290000000092210651,42622.02,0.000117,sell
2024-01-01T11:41:55.639Z,BTC,USDT,BYBIT,2290000000092210657,42620.8,9.1e-05,sell
2024-01-01T11:41:55.639Z,BTC,USDT,BYBIT,2290000000092210656,42621.0,0.000255,sell
2024-01-01T11:41:55.639Z,BTC,USDT,BYBIT,2290000000092210658,42620.29,0.0015,sell
2024-01-01T11:41:55.639Z,BTC,USDT,BYBIT,2290000000092210655,42621.92,0.023459,sell
2024-01-01T11:41:56.062Z,BTC,USDT,BYBIT,2290000000092210667,42620.0,0.000927,sell
2024-01-01T11:41:56.062Z,BTC,USDT,BYBIT,2290000000092210670,42620.0,0.00125,sell
2024-01-01T11:41:56.062Z,BTC,USDT,BYBIT,2290000000092210660,42620.0,0.0022,sell
2024-01-01T11:41:56.062Z,BTC,USDT,BYBIT,2290000000092210668,42620.0,0.002712,sell
2024-01-01T11:41:56.062Z,BTC,USDT,BYBIT,2290000000092210672,42620.0,0.113,sell
2024-01-01T11:41:56.062Z,BTC,USDT,BYBIT,2290000000092210663,42620.0,0.001173,sell
2024-01-01T11:41:56.062Z,BTC,USDT,BYBIT,2290000000092210665,42620.0,0.000905,sell
2024-01-01T11:41:56.062Z,BTC,USDT,BYBIT,2290000000092210671,42620.0,0.000255,sell
2024-01-01T11:41:56.062Z,BTC,USDT,BYBIT,2290000000092210669,42620.0,0.00213,sell
2024-01-01T11:41:56.062Z,BTC,USDT,BYBIT,2290000000092210661,42620.0,0.000198,sell
2024-01-01T11:41:56.062Z,BTC,USDT,BYBIT,2290000000092210664,42620.0,0.001805,sell
2024-01-01T11:41:56.062Z,BTC,USDT,BYBIT,2290000000092210659,42620.01,0.027502,sell
2024-01-01T11:41:56.062Z,BTC,USDT,BYBIT,2290000000092210662,42620.0,0.000198,sell
2024-01-01T11:41:56.062Z,BTC,USDT,BYBIT,2290000000092210666,42620.0,0.00083,sell
2024-01-01T11:41:56.068Z,BTC,USDT,BYBIT,2290000000092210676,42618.66,0.001077,sell
2024-01-01T11:41:56.068Z,BTC,USDT,BYBIT,2290000000092210677,42618.13,0.006,sell
2024-01-01T11:41:56.068Z,BTC,USDT,BYBIT,2290000000092210675,42619.0,0.000255,sell
2024-01-01T11:41:56.068Z,BTC,USDT,BYBIT,2290000000092210682,42617.61,0.000305,sell
2024-01-01T11:41:56.068Z,BTC,USDT,BYBIT,2290000000092210679,42617.82,4.8e-05,sell
2024-01-01T11:41:56.068Z,BTC,USDT,BYBIT,2290000000092210673,42619.0,0.00087,sell
2024-01-01T11:41:56.068Z,BTC,USDT,BYBIT,2290000000092210678,42618.0,0.000198,sell
2024-01-01T11:41:56.068Z,BTC,USDT,BYBIT,2290000000092210680,42617.73,5.8e-05,sell
2024-01-01T11:41:56.068Z,BTC,USDT,BYBIT,2290000000092210674,42619.0,0.00273,sell
2024-01-01T11:41:56.068Z,BTC,USDT,BYBIT,2290000000092210681,42617.63,0.006,sell
2024-01-01T11:41:56.073Z,BTC,USDT,BYBIT,2290000000092210683,42617.29,0.0015,sell
2024-01-01T11:41:56.073Z,BTC,USDT,BYBIT,2290000000092210685,42617.0,0.000255,sell
2024-01-01T11:41:56.073Z,BTC,USDT,BYBIT,2290000000092210686,42616.97,0.108911,sell
2024-01-01T11:41:56.073Z,BTC,USDT,BYBIT,2290000000092210684,42617.0,0.00125,sell
2024-01-01T11:41:56.331Z,BTC,USDT,BYBIT,2290000000092210691,42615.52,0.005017,sell
2024-01-01T11:41:56.331Z,BTC,USDT,BYBIT,2290000000092210692,42615.52,0.000983,sell
2024-01-01T11:41:56.331Z,BTC,USDT,BYBIT,2290000000092210688,42616.0,0.000198,sell
2024-01-01T11:41:56.331Z,BTC,USDT,BYBIT,2290000000092210690,42616.0,0.00213,sell
2024-01-01T11:41:56.331Z,BTC,USDT,BYBIT,2290000000092210689,42616.0,0.000255,sell
2024-01-01T11:41:56.331Z,BTC,USDT,BYBIT,2290000000092210687,42616.0,0.0024,sell
2024-01-01T11:41:56.502Z,BTC,USDT,BYBIT,2290000000092210694,42615.11,0.004056,sell
2024-01-01T11:41:56.502Z,BTC,USDT,BYBIT,2290000000092210693,42615.11,0.005944,sell
2024-01-01T11:41:56.503Z,BTC,USDT,BYBIT,2290000000092210698,42615.02,0.005636,sell
2024-01-01T11:41:56.503Z,BTC,USDT,BYBIT,2290000000092210695,42615.11,0.01,sell
2024-01-01T11:41:56.503Z,BTC,USDT,BYBIT,2290000000092210696,42615.11,0.01,sell
2024-01-01T11:41:56.503Z,BTC,USDT,BYBIT,2290000000092210697,42615.11,0.004364,sell
2024-01-01T11:41:56.522Z,BTC,USDT,BYBIT,2290000000092210699,42615.02,0.000364,sell
2024-01-01T11:41:57.072Z,BTC,USDT,BYBIT,2290000000092210700,42615.0,0.064719,sell
2024-01-01T11:41:57.074Z,BTC,USDT,BYBIT,2290000000092210701,42615.0,0.021281,sell
2024-01-01T11:41:57.087Z,BTC,USDT,BYBIT,2290000000092210702,42614.58,4.8e-05,sell
2024-01-01T11:41:57.104Z,BTC,USDT,BYBIT,2290000000092210703,42614.29,0.0015,sell
2024-01-01T11:41:57.104Z,BTC,USDT,BYBIT,2290000000092210705,42614.0,0.000255,sell
2024-01-01T11:41:57.104Z,BTC,USDT,BYBIT,2290000000092210704,42614.0,0.000198,sell
2024-01-01T11:41:57.111Z,BTC,USDT,BYBIT,2290000000092210706,42613.0,0.00087,sell
2024-01-01T11:41:57.111Z,BTC,USDT,BYBIT,2290000000092210707,42613.0,0.0025,sell
2024-01-01T11:41:57.111Z,BTC,USDT,BYBIT,2290000000092210708,42612.5,0.005643,sell
2024-01-01T11:41:59.517Z,BTC,USDT,BYBIT,2290000000092210709,42612.01,0.0234,buy
2024-01-01T11:42:01.052Z,BTC,USDT,BYBIT,2290000000092210710,42612.0,0.000116,sell
2024-01-01T11:42:01.169Z,BTC,USDT,BYBIT,2290000000092210711,42612.01,0.000738,buy
2024-01-01T11:42:01.287Z,BTC,USDT,BYBIT,2290000000092210713,42612.0,0.01,sell
2024-01-01T11:42:01.287Z,BTC,USDT,BYBIT,2290000000092210714,42612.0,0.015619,sell
2024-01-01T11:42:01.287Z,BTC,USDT,BYBIT,2290000000092210712,42612.0,8.2e-05,sell
2024-01-01T11:42:01.618Z,BTC,USDT,BYBIT,2290000000092210715,42611.3,0.001962,buy
2024-01-01T11:42:05.764Z,BTC,USDT,BYBIT,2290000000092210717,42611.3,0.125435,buy
2024-01-01T11:42:05.764Z,BTC,USDT,BYBIT,2290000000092210716,42611.3,0.036608,buy
2024-01-01T11:42:05.800Z,BTC,USDT,BYBIT,2290000000092210719,42611.3,0.156257,buy
2024-01-01T11:42:05.800Z,BTC,USDT,BYBIT,2290000000092210718,42611.3,0.0001,buy
2024-01-01T11:42:05.865Z,BTC,USDT,BYBIT,2290000000092210720,42612.0,0.0234,buy
2024-01-01T11:42:08.948Z,BTC,USDT,BYBIT,2290000000092210721,42612.0,0.0234,buy
2024-01-01T11:42:16.563Z,BTC,USDT,BYBIT,2290000000092210722,42611.99,0.001955,sell
2024-01-01T11:42:17.293Z,BTC,USDT,BYBIT,2290000000092210723,42611.99,0.0001,sell
2024-01-01T11:42:19.755Z,BTC,USDT,BYBIT,2290000000092210724,42612.0,0.0234,buy
2024-01-01T11:42:24.583Z,BTC,USDT,BYBIT,2290000000092210725,42612.0,2.3e-05,buy
2024-01-01T11:42:24.930Z,BTC,USDT,BYBIT,2290000000092210726,42612.0,0.0234,buy
2024-01-01T11:42:26.289Z,BTC,USDT,BYBIT,2290000000092210729,42611.99,0.000703,sell
2024-01-01T11:42:26.289Z,BTC,USDT,BYBIT,2290000000092210728,42611.99,0.0001,sell
2024-01-01T11:42:26.289Z,BTC,USDT,BYBIT,2290000000092210731,42611.98,0.0001,sell
2024-01-01T11:42:26.289Z,BTC,USDT,BYBIT,2290000000092210730,42611.99,0.002612,sell
2024-01-01T11:42:26.289Z,BTC,USDT,BYBIT,2290000000092210727,42611.99,0.001962,sell
2024-01-01T11:42:26.310Z,BTC,USDT,BYBIT,2290000000092210732,42611.29,0.0015,sell
2024-01-01T11:42:26.310Z,BTC,USDT,BYBIT,2290000000092210733,42611.04,0.001875,sell
2024-01-01T11:42:26.874Z,BTC,USDT,BYBIT,2290000000092210734,42610.05,0.003154,sell
2024-01-01T11:42:26.874Z,BTC,USDT,BYBIT,2290000000092210735,42610.0,0.000198,sell
2024-01-01T11:42:26.874Z,BTC,USDT,BYBIT,2290000000092210736,42610.0,0.000255,sell
2024-01-01T11:42:26.881Z,BTC,USDT,BYBIT,2290000000092210737,42609.08,0.00448,sell
2024-01-01T11:42:26.902Z,BTC,USDT,BYBIT,2290000000092210742,42608.61,0.000206,sell
2024-01-01T11:42:26.902Z,BTC,USDT,BYBIT,2290000000092210740,42608.61,0.000947,sell
2024-01-01T11:42:26.902Z,BTC,USDT,BYBIT,2290000000092210743,42608.48,0.006,sell
2024-01-01T11:42:26.902Z,BTC,USDT,BYBIT,2290000000092210741,42608.61,0.000373,sell
2024-01-01T11:42:26.902Z,BTC,USDT,BYBIT,2290000000092210738,42609.08,5e-06,sell
2024-01-01T11:42:26.902Z,BTC,USDT,BYBIT,2290000000092210739,42609.0,0.00125,sell
2024-01-01T11:42:26.902Z,BTC,USDT,BYBIT,2290000000092210744,42608.29,0.001219,sell
2024-01-01T11:42:26.903Z,BTC,USDT,BYBIT,2290000000092210748,42607.0,0.00087,sell
2024-01-01T11:42:26.903Z,BTC,USDT,BYBIT,2290000000092210746,42608.0,0.0024,sell
2024-01-01T11:42:26.903Z,BTC,USDT,BYBIT,2290000000092210747,42607.76,4.8e-05,sell
2024-01-01T11:42:26.903Z,BTC,USDT,BYBIT,2290000000092210745,42608.29,0.000281,sell
2024-01-01T11:42:26.903Z,BTC,USDT,BYBIT,2290000000092210749,42608.15,0.006,sell
2024-01-01T11:42:27.870Z,BTC,USDT,BYBIT,2290000000092210752,42606.0,0.002634,sell
2024-01-01T11:42:27.870Z,BTC,USDT,BYBIT,2290000000092210750,42606.0,0.000198,sell
2024-01-01T11:42:27.870Z,BTC,USDT,BYBIT,2290000000092210751,42606.0,0.000255,sell
2024-01-01T11:42:28.151Z,BTC,USDT,BYBIT,2290000000092210753,42606.01,0.0234,buy
2024-01-01T11:42:30.736Z,BTC,USDT,BYBIT,2290000000092210754,42606.01,0.003532,buy
2024-01-01T11:42:31.409Z,BTC,USDT,BYBIT,2290000000092210755,42606.01,0.0234,buy
2024-01-01T11:42:36.358Z,BTC,USDT,BYBIT,2290000000092210757,42606.0,0.006,sell
2024-01-01T11:42:36.358Z,BTC,USDT,BYBIT,2290000000092210758,42605.5,0.006,sell
2024-01-01T11:42:36.358Z,BTC,USDT,BYBIT,2290000000092210759,42605.29,0.0015,sell
2024-01-01T11:42:36.358Z,BTC,USDT,BYBIT,2290000000092210756,42606.0,9.6e-05,sell
2024-01-01T11:42:37.656Z,BTC,USDT,BYBIT,2290000000092210761,42604.0,0.0022,sell
2024-01-01T11:42:37.656Z,BTC,USDT,BYBIT,2290000000092210762,42604.0,0.000689,sell
2024-01-01T11:42:37.656Z,BTC,USDT,BYBIT,2290000000092210760,42604.0,0.000198,sell
2024-01-01T11:42:38.570Z,BTC,USDT,BYBIT,2290000000092210763,42604.0,0.000455,sell
2024-01-01T11:42:38.777Z,BTC,USDT,BYBIT,2290000000092210764,42604.0,0.000228,sell
2024-01-01T11:42:39.017Z,BTC,USDT,BYBIT,2290000000092210765,42604.0,0.000228,sell
2024-01-01T11:42:39.178Z,BTC,USDT,BYBIT,2290000000092210766,42604.0,0.000228,sell
2024-01-01T11:42:39.698Z,BTC,USDT,BYBIT,2290000000092210767,42604.0,0.000228,sell
2024-01-01T11:42:40.271Z,BTC,USDT,BYBIT,2290000000092210768,42604.0,0.000228,sell
2024-01-01T11:42:40.453Z,BTC,USDT,BYBIT,2290000000092210769,42604.0,0.000228,sell
2024-01-01T11:42:40.663Z,BTC,USDT,BYBIT,2290000000092210770,42604.0,0.001948,sell
2024-01-01T11:42:40.708Z,BTC,USDT,BYBIT,2290000000092210771,42604.01,0.02747,buy
2024-01-01T11:42:40.714Z,BTC,USDT,BYBIT,2290000000092210773,42604.01,0.01087,buy
2024-01-01T11:42:40.714Z,BTC,USDT,BYBIT,2290000000092210772,42604.01,0.01253,buy
2024-01-01T11:42:40.752Z,BTC,USDT,BYBIT,2290000000092210774,42604.01,0.01701,buy
2024-01-01T11:42:40.804Z,BTC,USDT,BYBIT,2290000000092210775,42604.0,0.000683,sell
2024-01-01T11:42:40.935Z,BTC,USDT,BYBIT,2290000000092210776,42604.0,0.000228,sell
2024-01-01T11:42:41.064Z,BTC,USDT,BYBIT,2290000000092210777,42605.98,0.000228,sell
2024-01-01T11:42:41.093Z,BTC,USDT,BYBIT,2290000000092210779,42605.99,0.000434,buy
2024-01-01T11:42:41.093Z,BTC,USDT,BYBIT,2290000000092210778,42605.99,0.000868,buy
2024-01-01T11:42:44.808Z,BTC,USDT,BYBIT,2290000000092210780,42605.99,0.0234,buy
2024-01-01T11:42:53.591Z,BTC,USDT,BYBIT,2290000000092210781,42605.98,0.006777,sell
2024-01-01T11:42:55.890Z,BTC,USDT,BYBIT,2290000000092210784,42605.97,0.006,sell
2024-01-01T11:42:55.890Z,BTC,USDT,BYBIT,2290000000092210783,42605.98,0.039996,sell
2024-01-01T11:42:55.890Z,BTC,USDT,BYBIT,2290000000092210785,42605.47,0.006,sell
2024-01-01T11:42:55.890Z,BTC,USDT,BYBIT,2290000000092210782,42605.98,0.0211,sell
2024-01-01T11:42:56.450Z,BTC,USDT,BYBIT,2290000000092210786,42604.82,0.0234,buy
2024-01-01T11:42:56.612Z,BTC,USDT,BYBIT,2290000000092210787,42604.82,0.0001,buy
2024-01-01T11:42:56.612Z,BTC,USDT,BYBIT,2290000000092210788,42604.98,0.000253,buy
2024-01-01T11:42:57.582Z,BTC,USDT,BYBIT,2290000000092210789,42604.82,0.004732,buy
2024-01-01T11:42:57.725Z,BTC,USDT,BYBIT,2290000000092210790,42604.82,0.006766,buy
2024-01-01T11:42:57.810Z,BTC,USDT,BYBIT,2290000000092210791,42604.82,0.005521,buy
2024-01-01T11:42:58.538Z,BTC,USDT,BYBIT,2290000000092210792,42605.98,0.128182,buy
2024-01-01T11:42:58.541Z,BTC,USDT,BYBIT,2290000000092210793,42605.98,0.109953,buy
2024-01-01T11:43:00.184Z,BTC,USDT,BYBIT,2290000000092210794,42606.0,0.008902,buy
2024-01-01T11:43:02.607Z,BTC,USDT,BYBIT,2290000000092210795,42606.0,0.055784,buy
2024-01-01T11:43:02.608Z,BTC,USDT,BYBIT,2290000000092210797,42606.0,0.029827,buy
2024-01-01T11:43:02.608Z,BTC,USDT,BYBIT,2290000000092210800,42606.53,0.027751,buy
2024-01-01T11:43:02.608Z,BTC,USDT,BYBIT,2290000000092210796,42606.0,0.225892,buy
2024-01-01T11:43:02.608Z,BTC,USDT,BYBIT,2290000000092210798,42606.0,0.0001,buy
2024-01-01T11:43:02.608Z,BTC,USDT,BYBIT,2290000000092210799,42606.01,0.001439,buy
2024-01-01T11:43:02.627Z,BTC,USDT,BYBIT,2290000000092210801,42608.0,0.033024,buy
2024-01-01T11:43:02.635Z,BTC,USDT,BYBIT,2290000000092210802,42608.0,0.046952,buy
2024-01-01T11:43:02.733Z,BTC,USDT,BYBIT,2290000000092210803,42608.0,0.0234,buy
2024-01-01T11:43:10.454Z,BTC,USDT,BYBIT,2290000000092210804,42608.0,0.009624,buy
2024-01-01T11:43:10.454Z,BTC,USDT,BYBIT,2290000000092210805,42608.0,0.013776,buy
2024-01-01T11:43:14.176Z,BTC,USDT,BYBIT,2290000000092210806,42608.0,0.000471,buy
2024-01-01T11:43:14.580Z,BTC,USDT,BYBIT,2290000000092210807,42607.99,0.004396,sell
2024-01-01T11:43:14.635Z,BTC,USDT,BYBIT,2290000000092210808,42608.0,0.000234,buy
2024-01-01T11:43:24.613Z,BTC,USDT,BYBIT,2290000000092210809,42608.0,3.5e-05,buy
2024-01-01T11:43:24.691Z,BTC,USDT,BYBIT,2290000000092210810,42608.0,2.3e-05,buy
2024-01-01T11:43:26.149Z,BTC,USDT,BYBIT,2290000000092210811,42608.0,0.0234,buy
2024-01-01T11:43:30.561Z,BTC,USDT,BYBIT,2290000000092210812,42607.99,0.000749,sell
2024-01-01T11:43:38.921Z,BTC,USDT,BYBIT,2290000000092210813,42607.99,0.001562,sell
2024-01-01T11:43:38.921Z,BTC,USDT,BYBIT,2290000000092210814,42607.99,0.009349,sell
2024-01-01T11:43:39.787Z,BTC,USDT,BYBIT,2290000000092210815,42608.0,0.0234,buy
2024-01-01T11:43:39.817Z,BTC,USDT,BYBIT,2290000000092210816,42608.0,0.002881,buy
2024-01-01T11:43:40.537Z,BTC,USDT,BYBIT,2290000000092210818,42607.99,0.005,sell
2024-01-01T11:43:40.537Z,BTC,USDT,BYBIT,2290000000092210817,42607.99,0.065861,sell
2024-01-01T11:43:40.537Z,BTC,USDT,BYBIT,2290000000092210819,42607.99,0.022522,sell
2024-01-01T11:43:40.676Z,BTC,USDT,BYBIT,2290000000092210820,42606.47,0.0001,sell
2024-01-01T11:43:40.676Z,BTC,USDT,BYBIT,2290000000092210821,42606.47,0.000253,sell
2024-01-01T11:43:41.863Z,BTC,USDT,BYBIT,2290000000092210822,42606.0,6e-05,sell
2024-01-01T11:43:42.215Z,BTC,USDT,BYBIT,2290000000092210823,42604.9,0.000744,sell
2024-01-01T11:43:42.284Z,BTC,USDT,BYBIT,2290000000092210824,42604.91,0.000293,buy
2024-01-01T11:43:42.284Z,BTC,USDT,BYBIT,2290000000092210825,42604.91,0.02318,buy
2024-01-01T11:43:44.271Z,BTC,USDT,BYBIT,2290000000092210826,42604.91,0.000109,buy
2024-01-01T11:43:46.526Z,BTC,USDT,BYBIT,2290000000092210828,42604.47,0.006,sell
2024-01-01T11:43:46.526Z,BTC,USDT,BYBIT,2290000000092210827,42604.9,0.005256,sell
2024-01-01T11:43:48.687Z,BTC,USDT,BYBIT,2290000000092210829,42604.01,0.0234,buy
2024-01-01T11:43:51.279Z,BTC,USDT,BYBIT,2290000000092210830,42604.01,0.001173,buy
2024-01-01T11:43:51.869Z,BTC,USDT,BYBIT,2290000000092210831,42604.01,0.0234,buy
2024-01-01T11:43:54.302Z,BTC,USDT,BYBIT,2290000000092210832,42604.01,0.0001,buy
2024-01-01T11:44:00.254Z,BTC,USDT,BYBIT,2290000000092210833,42605.99,0.00017,buy
2024-01-01T11:44:04.077Z,BTC,USDT,BYBIT,2290000000092210834,42605.99,0.002086,buy
2024-01-01T11:44:04.100Z,BTC,USDT,BYBIT,2290000000092210835,42605.99,0.002067,buy
2024-01-01T11:44:11.017Z,BTC,USDT,BYBIT,2290000000092210836,42605.99,0.007041,buy
2024-01-01T11:44:11.710Z,BTC,USDT,BYBIT,2290000000092210837,42605.99,3.7e-05,buy
2024-01-01T11:44:20.669Z,BTC,USDT,BYBIT,2290000000092210838,42605.99,2.3e-05,buy
2024-01-01T11:44:22.151Z,BTC,USDT,BYBIT,2290000000092210839,42605.99,0.090501,buy
2024-01-01T11:44:24.687Z,BTC,USDT,BYBIT,2290000000092210840,42605.98,0.010828,buy
2024-01-01T11:44:24.708Z,BTC,USDT,BYBIT,2290000000092210841,42605.97,0.003199,sell
2024-01-01T11:44:34.388Z,BTC,USDT,BYBIT,2290000000092210842,42605.98,0.001552,buy
2024-01-01T11:44:37.937Z,BTC,USDT,BYBIT,2290000000092210843,42605.98,0.00237,buy
2024-01-01T11:44:39.866Z,BTC,USDT,BYBIT,2290000000092210844,42605.97,0.002801,sell
2024-01-01T11:44:39.866Z,BTC,USDT,BYBIT,2290000000092210845,42605.97,0.045271,sell
2024-01-01T11:44:48.611Z,BTC,USDT,BYBIT,2290000000092210846,42605.98,0.0234,buy
2024-01-01T11:44:51.358Z,BTC,USDT,BYBIT,2290000000092210847,42605.97,0.001035,sell
2024-01-01T11:44:58.165Z,BTC,USDT,BYBIT,2290000000092210848,42605.99,0.0234,buy
2024-01-01T11:44:59.640Z,BTC,USDT,BYBIT,2290000000092210849,42605.99,0.17665,buy
2024-01-01T11:44:59.647Z,BTC,USDT,BYBIT,2290000000092210850,42605.99,0.081629,buy
2024-01-01T11:44:59.708Z,BTC,USDT,BYBIT,2290000000092210851,42606.0,0.118657,buy
2024-01-01T11:44:59.708Z,BTC,USDT,BYBIT,2290000000092210852,42607.21,0.046941,buy
2024-01-01T11:44:59.712Z,BTC,USDT,BYBIT,2290000000092210853,42607.43,0.028841,buy
2024-01-01T11:44:59.727Z,BTC,USDT,BYBIT,2290000000092210855,42607.99,0.009349,buy
2024-01-01T11:44:59.727Z,BTC,USDT,BYBIT,2290000000092210854,42607.99,0.065861,buy
2024-01-01T11:44:59.741Z,BTC,USDT,BYBIT,2290000000092210857,42608.66,0.00075,buy
2024-01-01T11:44:59.741Z,BTC,USDT,BYBIT,2290000000092210856,42608.29,0.0015,buy
2024-01-01T11:45:00.328Z,BTC,USDT,BYBIT,2290000000092210858,42608.29,0.008443,buy
2024-01-01T11:45:00.346Z,BTC,USDT,BYBIT,2290000000092210859,42608.29,0.006134,buy
2024-01-01T11:45:06.464Z,BTC,USDT,BYBIT,2290000000092210860,42608.28,6e-05,sell
2024-01-01T11:45:07.303Z,BTC,USDT,BYBIT,2290000000092210861,42608.29,0.28167,buy
2024-01-01T11:45:07.303Z,BTC,USDT,BYBIT,2290000000092210865,42609.38,0.004666,buy
2024-01-01T11:45:07.303Z,BTC,USDT,BYBIT,2290000000092210863,42608.29,0.04,buy
2024-01-01T11:45:07.303Z,BTC,USDT,BYBIT,2290000000092210862,42608.29,0.0001,buy
2024-01-01T11:45:07.303Z,BTC,USDT,BYBIT,2290000000092210866,42609.6,0.046938,buy
2024-01-01T11:45:07.303Z,BTC,USDT,BYBIT,2290000000092210864,42608.96,0.046938,buy
2024-01-01T11:45:07.304Z,BTC,USDT,BYBIT,2290000000092210867,42610.3,0.011735,buy
2024-01-01T11:45:07.331Z,BTC,USDT,BYBIT,2290000000092210868,42611.29,0.0015,buy
2024-01-01T11:45:07.522Z,BTC,USDT,BYBIT,2290000000092210870,42612.0,0.023202,buy
2024-01-01T11:45:07.522Z,BTC,USDT,BYBIT,2290000000092210869,42612.0,0.000198,buy
2024-01-01T11:45:08.785Z,BTC,USDT,BYBIT,2290000000092210871,42612.0,2.3e-05,buy
2024-01-01T11:45:08.809Z,BTC,USDT,BYBIT,2290000000092210872,42612.0,0.016193,buy
2024-01-01T11:45:11.429Z,BTC,USDT,BYBIT,2290000000092210873,42612.0,0.008949,buy
2024-01-01T11:45:11.431Z,BTC,USDT,BYBIT,2290000000092210874,42612.0,0.008197,buy
2024-01-01T11:45:11.713Z,BTC,USDT,BYBIT,2290000000092210875,42612.0,0.00842,buy
2024-01-01T11:45:12.200Z,BTC,USDT,BYBIT,2290000000092210876,42612.0,0.027,buy
2024-01-01T11:45:12.775Z,BTC,USDT,BYBIT,2290000000092210880,42613.99,0.001208,buy
2024-01-01T11:45:12.775Z,BTC,USDT,BYBIT,2290000000092210878,42612.0,0.000306,buy
2024-01-01T11:45:12.775Z,BTC,USDT,BYBIT,2290000000092210877,42612.0,0.021016,buy
2024-01-01T11:45:12.775Z,BTC,USDT,BYBIT,2290000000092210879,42613.0,0.00087,buy
2024-01-01T11:45:16.886Z,BTC,USDT,BYBIT,2290000000092210881,42614.0,0.0234,buy
2024-01-01T11:45:18.072Z,BTC,USDT,BYBIT,2290000000092210882,42614.0,0.001992,buy
2024-01-01T11:45:18.131Z,BTC,USDT,BYBIT,2290000000092210883,42614.0,0.00402,buy
2024-01-01T11:45:18.321Z,BTC,USDT,BYBIT,2290000000092210884,42613.99,0.015911,sell
2024-01-01T11:45:18.374Z,BTC,USDT,BYBIT,2290000000092210889,42614.29,0.0015,buy
2024-01-01T11:45:18.374Z,BTC,USDT,BYBIT,2290000000092210885,42614.0,0.000255,buy
2024-01-01T11:45:18.374Z,BTC,USDT,BYBIT,2290000000092210887,42614.0,0.28163,buy
2024-01-01T11:45:18.374Z,BTC,USDT,BYBIT,2290000000092210888,42614.0,0.0001,buy
2024-01-01T11:45:18.374Z,BTC,USDT,BYBIT,2290000000092210886,42614.0,0.000198,buy
2024-01-01T11:45:18.842Z,BTC,USDT,BYBIT,2290000000092210890,42615.99,0.001387,sell
2024-01-01T11:45:19.608Z,BTC,USDT,BYBIT,2290000000092210891,42615.99,0.021736,sell
2024-01-01T11:45:19.609Z,BTC,USDT,BYBIT,2290000000092210893,42616.0,0.088118,buy
2024-01-01T11:45:19.609Z,BTC,USDT,BYBIT,2290000000092210892,42616.0,0.0024,buy
2024-01-01T11:45:21.432Z,BTC,USDT,BYBIT,2290000000092210894,42616.0,0.004733,buy
2024-01-01T11:45:21.500Z,BTC,USDT,BYBIT,2290000000092210895,42616.0,0.00408,buy
2024-01-01T11:45:22.107Z,BTC,USDT,BYBIT,2290000000092210896,42616.0,0.006719,buy
