timestamp,symbol,base,market_venue,id,price,volume,side
2024-01-01T11:30:00.123Z,BTC,USDT,KUCOIN,6460639811354625,42678.6,0.00045236,buy
2024-01-01T11:30:00.360Z,BTC,USDT,KUCOIN,6460639834685441,42678.5,0.0025773,sell
2024-01-01T11:30:06.092Z,BTC,USDT,KUCOIN,6460640427655169,42678.6,0.00429461,buy
2024-01-01T11:30:08.060Z,BTC,USDT,KUCOIN,6460640578125825,42678.6,0.00131397,buy
2024-01-01T11:30:10.688Z,BTC,USDT,KUCOIN,6460640849838081,42678.5,0.00474296,sell
2024-01-01T11:30:10.688Z,BTC,USDT,KUCOIN,6460640849838084,42678.5,0.15739686,sell
2024-01-01T11:30:12.193Z,BTC,USDT,KUCOIN,6460640961773569,42678.6,0.00065697,buy
2024-01-01T11:30:12.227Z,BTC,USDT,KUCOIN,6460640964132865,42678.6,0.00119504,buy
2024-01-01T11:30:12.240Z,BTC,USDT,KUCOIN,6460640964657153,42678.6,0.00266168,buy
2024-01-01T11:30:12.261Z,BTC,USDT,KUCOIN,6460640967540737,42678.6,0.00119504,buy
2024-01-01T11:30:14.300Z,BTC,USDT,KUCOIN,6460641124564993,42678.6,4.682e-05,buy
2024-01-01T11:30:19.292Z,BTC,USDT,KUCOIN,6460641459191809,42678.6,0.02337775,buy
2024-01-01T11:30:19.303Z,BTC,USDT,KUCOIN,6460641461288961,42678.6,0.01414003,buy
2024-01-01T11:30:19.304Z,BTC,USDT,KUCOIN,6460641461944321,42678.6,0.00426002,buy
2024-01-01T11:30:19.309Z,BTC,USDT,KUCOIN,6460641465090049,42678.6,0.00793102,buy
2024-01-01T11:30:19.314Z,BTC,USDT,KUCOIN,6460641468497921,42678.6,0.00119504,buy
2024-01-01T11:30:19.319Z,BTC,USDT,KUCOIN,6460641473740801,42678.6,0.01,buy
2024-01-01T11:30:19.320Z,BTC,USDT,KUCOIN,6460641475182593,42678.6,0.11622292,buy
2024-01-01T11:30:19.320Z,BTC,USDT,KUCOIN,6460641475313668,42683.6,0.06004266,buy
2024-01-01T11:30:19.320Z,BTC,USDT,KUCOIN,6460641475313665,42683.4,0.17995734,buy
2024-01-01T11:30:19.324Z,BTC,USDT,KUCOIN,6460641479245825,42683.6,0.23408075,buy
2024-01-01T11:30:20.852Z,BTC,USDT,KUCOIN,6460641764982788,42684.3,9.114e-05,buy
2024-01-01T11:30:20.852Z,BTC,USDT,KUCOIN,6460641764982785,42684.3,6.253e-05,buy
2024-01-01T11:30:20.986Z,BTC,USDT,KUCOIN,6460641777958913,42685.1,3.969e-05,buy
2024-01-01T11:30:21.046Z,BTC,USDT,KUCOIN,6460641780449281,42685.1,0.00011909,buy
2024-01-01T11:30:21.859Z,BTC,USDT,KUCOIN,6460641840218113,42685.1,1e-05,buy
2024-01-01T11:30:21.914Z,BTC,USDT,KUCOIN,6460641848082433,42685.4,0.00450927,buy
2024-01-01T11:30:25.019Z,BTC,USDT,KUCOIN,6460642105507841,42685.4,0.00401737,buy
2024-01-01T11:30:30.358Z,BTC,USDT,KUCOIN,6460642601353217,42685.3,0.00097586,sell
2024-01-01T11:30:31.595Z,BTC,USDT,KUCOIN,6460642747498497,42680.5,0.00054794,sell
2024-01-01T11:30:32.354Z,BTC,USDT,KUCOIN,6460642789310468,42678.5,0.00344931,sell
2024-01-01T11:30:32.354Z,BTC,USDT,KUCOIN,6460642789310474,42677.7,0.06736248,sell
2024-01-01T11:30:32.354Z,BTC,USDT,KUCOIN,6460642789310465,42680.5,0.01867945,sell
2024-01-01T11:30:32.354Z,BTC,USDT,KUCOIN,6460642789310477,42677.6,0.01040876,sell
2024-01-01T11:30:32.354Z,BTC,USDT,KUCOIN,6460642789310471,42678.4,0.0001,sell
2024-01-01T11:30:32.479Z,BTC,USDT,KUCOIN,6460642808840193,42677.7,0.00045575,buy
2024-01-01T11:30:32.500Z,BTC,USDT,KUCOIN,6460642810544129,42677.7,8.295e-05,buy
2024-01-01T11:30:32.908Z,BTC,USDT,KUCOIN,6460642830467073,42677.6,0.00118778,sell
2024-01-01T11:30:34.510Z,BTC,USDT,KUCOIN,6460642981199876,42677.6,0.00040734,sell
2024-01-01T11:30:34.510Z,BTC,USDT,KUCOIN,6460642981199873,42677.6,0.00701886,sell
2024-01-01T11:30:34.992Z,BTC,USDT,KUCOIN,6460643003744257,42677.7,0.00019026,buy
2024-01-01T11:30:40.353Z,BTC,USDT,KUCOIN,6460643456991233,42677.6,2.513e-05,sell
2024-01-01T11:30:40.476Z,BTC,USDT,KUCOIN,6460643490807809,42677.6,1.488e-05,sell
2024-01-01T11:30:41.728Z,BTC,USDT,KUCOIN,6460643617423361,42677.6,2.531e-05,sell
2024-01-01T11:30:42.230Z,BTC,USDT,KUCOIN,6460643656351745,42676.7,7.858e-05,sell
2024-01-01T11:30:45.260Z,BTC,USDT,KUCOIN,6460643947069441,42676.7,0.00014581,sell
2024-01-01T11:30:49.158Z,BTC,USDT,KUCOIN,6460644226908161,42676.7,0.00211863,sell
2024-01-01T11:30:49.158Z,BTC,USDT,KUCOIN,6460644226908164,42675.1,0.00641149,sell
2024-01-01T11:30:49.472Z,BTC,USDT,KUCOIN,6460644256268289,42675.1,0.00047799,sell
2024-01-01T11:30:50.567Z,BTC,USDT,KUCOIN,6460644334780417,42675.1,0.00051025,sell
2024-01-01T11:30:52.330Z,BTC,USDT,KUCOIN,6460644482236417,42675.2,4.682e-05,buy
2024-01-01T11:31:02.211Z,BTC,USDT,KUCOIN,6460645275222017,42675.1,0.0013053,sell
2024-01-01T11:31:02.287Z,BTC,USDT,KUCOIN,6460645282168833,42675.1,0.00131453,sell
2024-01-01T11:31:02.319Z,BTC,USDT,KUCOIN,6460645285052417,42675.1,0.00131498,sell
2024-01-01T11:31:02.357Z,BTC,USDT,KUCOIN,6460645288329217,42675.1,0.00131505,sell
2024-01-01T11:31:02.397Z,BTC,USDT,KUCOIN,6460645292785665,42675.1,0.00131505,sell
2024-01-01T11:31:02.431Z,BTC,USDT,KUCOIN,6460645294882817,42675.1,6.222e-05,sell
2024-01-01T11:31:03.066Z,BTC,USDT,KUCOIN,6460645346918401,42675.2,2.34e-06,buy
2024-01-01T11:31:06.310Z,BTC,USDT,KUCOIN,6460645802262529,42675.1,0.02498886,sell
2024-01-01T11:31:06.310Z,BTC,USDT,KUCOIN,6460645802262532,42675.1,0.00234319,sell
2024-01-01T11:31:06.310Z,BTC,USDT,KUCOIN,6460645802262538,42675.1,0.00154662,sell
2024-01-01T11:31:06.310Z,BTC,USDT,KUCOIN,6460645802262535,42675.1,0.02952527,sell
2024-01-01T11:31:06.334Z,BTC,USDT,KUCOIN,6460645821661185,42675.0,0.0001,sell
2024-01-01T11:31:06.350Z,BTC,USDT,KUCOIN,6460645831360513,42674.7,0.00011987,sell
2024-01-01T11:31:06.993Z,BTC,USDT,KUCOIN,6460646039764993,42671.4,0.0001,sell
2024-01-01T11:31:10.936Z,BTC,USDT,KUCOIN,6460646447529985,42668.1,0.00585917,buy
2024-01-01T11:31:12.170Z,BTC,USDT,KUCOIN,6460646541901825,42668.0,0.01321599,sell
2024-01-01T11:31:24.801Z,BTC,USDT,KUCOIN,6460647774633991,42667.9,0.08327814,sell
2024-01-01T11:31:24.801Z,BTC,USDT,KUCOIN,6460647774633994,42667.9,0.019614,sell
2024-01-01T11:31:24.801Z,BTC,USDT,KUCOIN,6460647774633988,42667.9,0.02814008,sell
2024-01-01T11:31:24.801Z,BTC,USDT,KUCOIN,6460647774633985,42667.9,0.0001,sell
2024-01-01T11:31:26.240Z,BTC,USDT,KUCOIN,6460647896924161,42664.9,0.00122034,sell
2024-01-01T11:31:26.306Z,BTC,USDT,KUCOIN,6460647900463105,42664.9,0.00122034,sell
2024-01-01T11:31:26.316Z,BTC,USDT,KUCOIN,6460647901118465,42664.9,0.00304603,sell
2024-01-01T11:31:26.347Z,BTC,USDT,KUCOIN,6460647907147777,42664.3,0.00195209,sell
2024-01-01T11:31:26.367Z,BTC,USDT,KUCOIN,6460647908851713,42664.3,0.00122034,sell
2024-01-01T11:31:26.398Z,BTC,USDT,KUCOIN,6460647913177089,42664.1,0.00040831,sell
2024-01-01T11:31:26.426Z,BTC,USDT,KUCOIN,6460647915536385,42664.1,0.00122034,sell
2024-01-01T11:31:26.490Z,BTC,USDT,KUCOIN,6460647918944257,42664.1,0.00103658,sell
2024-01-01T11:31:26.555Z,BTC,USDT,KUCOIN,6460647921434625,42664.1,0.00122,sell
2024-01-01T11:31:26.611Z,BTC,USDT,KUCOIN,6460647925104641,42664.1,0.00121989,sell
2024-01-01T11:31:26.676Z,BTC,USDT,KUCOIN,6460647927463937,42664.1,0.0012199,sell
2024-01-01T11:31:26.742Z,BTC,USDT,KUCOIN,6460647934935041,42664.1,0.00121989,sell
2024-01-01T11:31:26.804Z,BTC,USDT,KUCOIN,6460647946862593,42664.1,0.00121989,sell
2024-01-01T11:31:26.817Z,BTC,USDT,KUCOIN,6460647947124737,42664.1,0.00136462,sell
2024-01-01T11:31:26.836Z,BTC,USDT,KUCOIN,6460647947649025,42664.1,0.00117331,sell
2024-01-01T11:31:26.866Z,BTC,USDT,KUCOIN,6460647949746177,42664.1,0.0012199,sell
2024-01-01T11:31:26.971Z,BTC,USDT,KUCOIN,6460647954464769,42664.2,0.00046817,buy
2024-01-01T11:31:26.990Z,BTC,USDT,KUCOIN,6460647955120129,42664.1,8.884e-05,sell
2024-01-01T11:31:27.142Z,BTC,USDT,KUCOIN,6460647962591233,42664.1,4.591e-05,sell
2024-01-01T11:31:28.990Z,BTC,USDT,KUCOIN,6460648078721025,42664.1,0.00907649,sell
2024-01-01T11:31:29.008Z,BTC,USDT,KUCOIN,6460648079376385,42664.1,0.00117364,sell
2024-01-01T11:31:29.013Z,BTC,USDT,KUCOIN,6460648079638529,42664.1,0.00044207,sell
2024-01-01T11:31:29.704Z,BTC,USDT,KUCOIN,6460648120008705,42664.2,0.00221434,buy
2024-01-01T11:31:29.716Z,BTC,USDT,KUCOIN,6460648121843713,42664.2,0.00012931,buy
2024-01-01T11:31:29.800Z,BTC,USDT,KUCOIN,6460648135213057,42664.1,1.643e-05,sell
2024-01-01T11:31:31.838Z,BTC,USDT,KUCOIN,6460648268775425,42664.1,0.00122034,sell
2024-01-01T11:31:31.881Z,BTC,USDT,KUCOIN,6460648269692929,42664.1,6.808e-05,sell
2024-01-01T11:31:31.914Z,BTC,USDT,KUCOIN,6460648271003649,42664.1,0.00122034,sell
2024-01-01T11:31:31.973Z,BTC,USDT,KUCOIN,6460648273100801,42664.1,0.0011674,sell
2024-01-01T11:31:32.042Z,BTC,USDT,KUCOIN,6460648275197953,42664.1,0.00121993,sell
2024-01-01T11:31:32.112Z,BTC,USDT,KUCOIN,6460648276770817,42664.1,0.00082023,sell
2024-01-01T11:31:37.582Z,BTC,USDT,KUCOIN,6460648635121665,42664.1,0.007017,sell
2024-01-01T11:31:45.444Z,BTC,USDT,KUCOIN,6460649137389569,42664.1,0.00072665,sell
2024-01-01T11:31:45.508Z,BTC,USDT,KUCOIN,6460649140273153,42664.1,0.00072654,sell
2024-01-01T11:31:45.567Z,BTC,USDT,KUCOIN,6460649143549953,42664.1,0.00072601,sell
2024-01-01T11:31:45.626Z,BTC,USDT,KUCOIN,6460649145516033,42664.1,0.00072581,sell
2024-01-01T11:31:45.685Z,BTC,USDT,KUCOIN,6460649148006401,42664.1,0.00072565,sell
2024-01-01T11:31:45.757Z,BTC,USDT,KUCOIN,6460649150234625,42664.1,0.00072529,sell
2024-01-01T11:31:45.812Z,BTC,USDT,KUCOIN,6460649158754308,42664.1,0.00012621,sell
2024-01-01T11:31:45.812Z,BTC,USDT,KUCOIN,6460649158754305,42664.1,0.00059904,sell
2024-01-01T11:31:45.878Z,BTC,USDT,KUCOIN,6460649162424321,42664.1,0.00072466,sell
2024-01-01T11:31:45.948Z,BTC,USDT,KUCOIN,6460649165570049,42664.1,0.00072451,sell
2024-01-01T11:31:46.030Z,BTC,USDT,KUCOIN,6460649170157569,42664.1,0.00038823,sell
2024-01-01T11:31:46.842Z,BTC,USDT,KUCOIN,6460649221537793,42664.1,0.00371345,sell
2024-01-01T11:31:46.854Z,BTC,USDT,KUCOIN,6460649222062081,42664.1,0.00038832,sell
2024-01-01T11:31:46.879Z,BTC,USDT,KUCOIN,6460649223110657,42664.1,0.01890141,sell
2024-01-01T11:31:46.879Z,BTC,USDT,KUCOIN,6460649223241729,42664.1,0.01087322,sell
2024-01-01T11:31:48.063Z,BTC,USDT,KUCOIN,6460649289302017,42664.1,0.00257019,sell
2024-01-01T11:31:48.077Z,BTC,USDT,KUCOIN,6460649289433089,42664.1,0.0011717,sell
2024-01-01T11:31:48.154Z,BTC,USDT,KUCOIN,6460649293234177,42664.2,0.00054218,buy
2024-01-01T11:31:48.174Z,BTC,USDT,KUCOIN,6460649294807041,42664.2,0.00248764,buy
2024-01-01T11:31:52.407Z,BTC,USDT,KUCOIN,6460649533489153,42664.1,7.031e-05,sell
2024-01-01T11:31:54.033Z,BTC,USDT,KUCOIN,6460649615802369,42664.2,5.12e-05,buy
2024-01-01T11:31:55.690Z,BTC,USDT,KUCOIN,6460649704800257,42664.1,0.00926782,sell
2024-01-01T11:31:56.181Z,BTC,USDT,KUCOIN,6460649744777217,42664.1,5.48e-05,sell
2024-01-01T11:31:57.259Z,BTC,USDT,KUCOIN,6460649810837505,42664.2,0.00399206,buy
2024-01-01T11:31:57.864Z,BTC,USDT,KUCOIN,6460649865494529,42664.1,0.00304603,sell
2024-01-01T11:31:57.872Z,BTC,USDT,KUCOIN,6460649866543105,42664.1,0.00335338,sell
2024-01-01T11:31:57.887Z,BTC,USDT,KUCOIN,6460649869557761,42664.1,0.0011737,sell
2024-01-01T11:31:58.163Z,BTC,USDT,KUCOIN,6460649936142343,42664.2,0.10799904,buy
2024-01-01T11:31:58.163Z,BTC,USDT,KUCOIN,6460649936142355,42664.4,0.10799904,buy
2024-01-01T11:31:58.163Z,BTC,USDT,KUCOIN,6460649936142352,42664.2,0.04564317,buy
2024-01-01T11:31:58.163Z,BTC,USDT,KUCOIN,6460649936142346,42664.2,0.11508153,buy
2024-01-01T11:31:58.163Z,BTC,USDT,KUCOIN,6460649936142340,42664.2,0.00241785,buy
2024-01-01T11:31:58.163Z,BTC,USDT,KUCOIN,6460649936142337,42664.2,0.22448799,buy
2024-01-01T11:31:58.163Z,BTC,USDT,KUCOIN,6460649936142349,42664.2,0.11241802,buy
2024-01-01T11:32:01.258Z,BTC,USDT,KUCOIN,6460650218209281,42665.9,0.00043384,buy
2024-01-01T11:32:02.485Z,BTC,USDT,KUCOIN,6460650332635137,42665.8,0.00899583,sell
2024-01-01T11:32:02.598Z,BTC,USDT,KUCOIN,6460650342334465,42665.8,0.04687771,sell
2024-01-01T11:32:04.419Z,BTC,USDT,KUCOIN,6460650489659393,42665.8,0.00117425,sell
2024-01-01T11:32:07.100Z,BTC,USDT,KUCOIN,6460650677354497,42665.8,0.00019747,sell
2024-01-01T11:32:07.639Z,BTC,USDT,KUCOIN,6460650709991425,42665.8,0.00025785,sell
2024-01-01T11:32:08.571Z,BTC,USDT,KUCOIN,6460650775265281,42665.8,0.00466756,sell
2024-01-01T11:32:10.852Z,BTC,USDT,KUCOIN,6460650924163073,42665.9,0.00012211,buy
2024-01-01T11:32:10.885Z,BTC,USDT,KUCOIN,6460650925867012,42665.8,0.00744801,sell
2024-01-01T11:32:10.885Z,BTC,USDT,KUCOIN,6460650925867009,42665.8,0.05373638,sell
2024-01-01T11:32:11.790Z,BTC,USDT,KUCOIN,6460650984062977,42665.8,0.007046,sell
2024-01-01T11:32:18.807Z,BTC,USDT,KUCOIN,6460651566678017,42665.8,0.00128592,sell
2024-01-01T11:32:24.676Z,BTC,USDT,KUCOIN,6460652019007489,42665.8,0.00234379,sell
2024-01-01T11:32:24.689Z,BTC,USDT,KUCOIN,6460652032114689,42663.8,0.0001,sell
2024-01-01T11:32:29.136Z,BTC,USDT,KUCOIN,6460652573048836,42657.1,0.00107114,sell
2024-01-01T11:32:29.136Z,BTC,USDT,KUCOIN,6460652573048833,42659.8,0.0001,sell
2024-01-01T11:32:29.518Z,BTC,USDT,KUCOIN,6460652628623361,42655.8,0.00234388,buy
2024-01-01T11:32:32.261Z,BTC,USDT,KUCOIN,6460652807536641,42655.8,0.00120471,buy
2024-01-01T11:32:34.789Z,BTC,USDT,KUCOIN,6460652967706625,42655.8,0.00234434,buy
2024-01-01T11:32:40.492Z,BTC,USDT,KUCOIN,6460653326057473,42655.8,0.00019026,buy
2024-01-01T11:32:41.101Z,BTC,USDT,KUCOIN,6460653369442305,42655.8,4.73e-05,buy
2024-01-01T11:32:47.574Z,BTC,USDT,KUCOIN,6460653836189718,42654.0,0.08,sell
2024-01-01T11:32:47.574Z,BTC,USDT,KUCOIN,6460653836189700,42655.7,0.00234379,sell
2024-01-01T11:32:47.574Z,BTC,USDT,KUCOIN,6460653836189709,42655.7,0.11296632,sell
2024-01-01T11:32:47.574Z,BTC,USDT,KUCOIN,6460653836189712,42655.7,0.11615134,sell
2024-01-01T11:32:47.574Z,BTC,USDT,KUCOIN,6460653836189697,42655.7,0.0001,sell
2024-01-01T11:32:47.574Z,BTC,USDT,KUCOIN,6460653836189706,42655.7,0.12838061,sell
2024-01-01T11:32:47.574Z,BTC,USDT,KUCOIN,6460653836189715,42655.7,0.525,sell
2024-01-01T11:32:47.574Z,BTC,USDT,KUCOIN,6460653836189703,42655.7,0.02761818,sell
2024-01-01T11:32:47.574Z,BTC,USDT,KUCOIN,6460653836189721,42653.9,0.05141685,sell
2024-01-01T11:32:47.576Z,BTC,USDT,KUCOIN,6460653838024705,42651.2,0.51347324,sell
2024-01-01T11:32:47.577Z,BTC,USDT,KUCOIN,6460653838942221,42650.0,0.00046893,sell
2024-01-01T11:32:47.577Z,BTC,USDT,KUCOIN,6460653838942215,42650.9,1.22e-05,sell
2024-01-01T11:32:47.577Z,BTC,USDT,KUCOIN,6460653838942218,42650.1,0.0001,sell
2024-01-01T11:32:47.577Z,BTC,USDT,KUCOIN,6460653838942212,42651.1,0.02164329,sell
2024-01-01T11:32:47.577Z,BTC,USDT,KUCOIN,6460653838942233,42648.5,0.03524279,sell
2024-01-01T11:32:47.577Z,BTC,USDT,KUCOIN,6460653838942236,42648.2,0.04880717,sell
2024-01-01T11:32:47.577Z,BTC,USDT,KUCOIN,6460653838942227,42650.0,0.00028399,sell
2024-01-01T11:32:47.577Z,BTC,USDT,KUCOIN,6460653838942224,42650.0,0.00176,sell
2024-01-01T11:32:47.577Z,BTC,USDT,KUCOIN,6460653838942230,42649.4,0.00015487,sell
2024-01-01T11:32:47.577Z,BTC,USDT,KUCOIN,6460653838942209,42651.2,0.01152676,sell
2024-01-01T11:32:47.579Z,BTC,USDT,KUCOIN,6460653840515073,42648.2,0.08,sell
2024-01-01T11:32:47.586Z,BTC,USDT,KUCOIN,6460653853229060,42648.2,0.23547799,sell
2024-01-01T11:32:47.586Z,BTC,USDT,KUCOIN,6460653853229057,42648.5,0.1230852,sell
2024-01-01T11:32:47.586Z,BTC,USDT,KUCOIN,6460653852835841,42648.5,0.0569148,sell
2024-01-01T11:32:47.588Z,BTC,USDT,KUCOIN,6460653856505857,42648.2,0.17019489,sell
2024-01-01T11:32:47.594Z,BTC,USDT,KUCOIN,6460653865156609,42647.6,0.02102826,sell
2024-01-01T11:32:47.594Z,BTC,USDT,KUCOIN,6460653865156612,42647.1,0.0216455,sell
2024-01-01T11:32:47.594Z,BTC,USDT,KUCOIN,6460653865156615,42647.0,0.17588738,sell
2024-01-01T11:32:47.595Z,BTC,USDT,KUCOIN,6460653867253761,42648.2,0.01,sell
2024-01-01T11:32:47.596Z,BTC,USDT,KUCOIN,6460653868564481,42648.2,0.17,sell
2024-01-01T11:32:47.610Z,BTC,USDT,KUCOIN,6460653893468164,42644.9,0.0003058,sell
2024-01-01T11:32:47.610Z,BTC,USDT,KUCOIN,6460653893468161,42646.4,0.0001,sell
2024-01-01T11:32:47.610Z,BTC,USDT,KUCOIN,6460653893468170,42643.5,0.00063976,sell
2024-01-01T11:32:47.610Z,BTC,USDT,KUCOIN,6460653893468167,42644.6,0.0003124,sell
2024-01-01T11:32:47.612Z,BTC,USDT,KUCOIN,6460653895303178,42641.0,0.15389335,sell
2024-01-01T11:32:47.612Z,BTC,USDT,KUCOIN,6460653895303181,42640.9,0.0001,sell
2024-01-01T11:32:47.612Z,BTC,USDT,KUCOIN,6460653895303187,42638.7,0.00093307,sell
2024-01-01T11:32:47.612Z,BTC,USDT,KUCOIN,6460653895303190,42638.3,0.06133802,sell
2024-01-01T11:32:47.612Z,BTC,USDT,KUCOIN,6460653895303184,42639.6,0.00046007,sell
2024-01-01T11:32:47.612Z,BTC,USDT,KUCOIN,6460653895303175,42641.6,1e-05,sell
2024-01-01T11:32:47.612Z,BTC,USDT,KUCOIN,6460653895303172,42642.4,0.00178,sell
2024-01-01T11:32:47.612Z,BTC,USDT,KUCOIN,6460653895303169,42643.5,0.01573952,sell
2024-01-01T11:32:47.635Z,BTC,USDT,KUCOIN,6460653930168321,42637.5,0.00046065,buy
2024-01-01T11:32:47.677Z,BTC,USDT,KUCOIN,6460653995704321,42637.5,2.272e-05,buy
2024-01-01T11:32:47.817Z,BTC,USDT,KUCOIN,6460654160986113,42637.5,1.611e-05,buy
2024-01-01T11:32:48.093Z,BTC,USDT,KUCOIN,6460654307655681,42635.1,0.00121166,buy
2024-01-01T11:32:49.446Z,BTC,USDT,KUCOIN,6460654552760321,42635.1,0.0011441,buy
2024-01-01T11:32:52.094Z,BTC,USDT,KUCOIN,6460654812282881,42635.1,0.00592909,buy
2024-01-01T11:32:54.811Z,BTC,USDT,KUCOIN,6460655030386698,42635.0,0.0634405,sell
2024-01-01T11:32:54.811Z,BTC,USDT,KUCOIN,6460655030386695,42635.0,0.12265518,sell
2024-01-01T11:32:54.811Z,BTC,USDT,KUCOIN,6460655030386692,42635.0,0.00234557,sell
2024-01-01T11:32:54.811Z,BTC,USDT,KUCOIN,6460655030386689,42635.0,0.00012613,sell
2024-01-01T11:32:55.391Z,BTC,USDT,KUCOIN,6460655073640452,42633.9,0.13610145,buy
2024-01-01T11:32:55.391Z,BTC,USDT,KUCOIN,6460655073640449,42633.9,0.04665184,buy
2024-01-01T11:32:55.400Z,BTC,USDT,KUCOIN,6460655079538689,42633.9,0.08527923,buy
2024-01-01T11:32:55.403Z,BTC,USDT,KUCOIN,6460655080718337,42633.9,0.037313,buy
2024-01-01T11:32:58.349Z,BTC,USDT,KUCOIN,6460655321890826,42633.8,0.36211529,sell
2024-01-01T11:32:58.349Z,BTC,USDT,KUCOIN,6460655321890823,42633.8,0.03122684,sell
2024-01-01T11:32:58.349Z,BTC,USDT,KUCOIN,6460655321890820,42633.8,0.525,sell
2024-01-01T11:32:58.349Z,BTC,USDT,KUCOIN,6460655321890817,42633.8,0.0001,sell
2024-01-01T11:32:58.350Z,BTC,USDT,KUCOIN,6460655322808321,42633.8,0.69268371,sell
2024-01-01T11:32:58.350Z,BTC,USDT,KUCOIN,6460655322415105,42633.8,0.24,sell
2024-01-01T11:32:58.350Z,BTC,USDT,KUCOIN,6460655322808324,42633.8,0.00234558,sell
2024-01-01T11:32:58.351Z,BTC,USDT,KUCOIN,6460655323594765,42629.4,0.02823856,sell
2024-01-01T11:32:58.351Z,BTC,USDT,KUCOIN,6460655323594756,42630.0,0.00117065,sell
2024-01-01T11:32:58.351Z,BTC,USDT,KUCOIN,6460655323594768,42628.4,0.00195,sell
2024-01-01T11:32:58.351Z,BTC,USDT,KUCOIN,6460655323594762,42629.7,0.0072463,sell
2024-01-01T11:32:58.351Z,BTC,USDT,KUCOIN,6460655323594759,42629.7,0.0001,sell
2024-01-01T11:32:58.351Z,BTC,USDT,KUCOIN,6460655323594753,42632.3,0.04115555,sell
2024-01-01T11:32:58.351Z,BTC,USDT,KUCOIN,6460655323594771,42627.3,0.08013894,sell
2024-01-01T11:33:00.957Z,BTC,USDT,KUCOIN,6460655775006721,42626.1,0.00014406,buy
2024-01-01T11:33:02.368Z,BTC,USDT,KUCOIN,6460655886811137,42626.1,4.559e-05,buy
2024-01-01T11:33:03.772Z,BTC,USDT,KUCOIN,6460655995469825,42626.0,0.00038222,sell
2024-01-01T11:33:03.772Z,BTC,USDT,KUCOIN,6460655995469828,42626.0,0.00421854,sell
2024-01-01T11:33:03.774Z,BTC,USDT,KUCOIN,6460655995600897,42626.0,0.00954572,sell
2024-01-01T11:33:03.775Z,BTC,USDT,KUCOIN,6460655995731969,42626.0,0.0070408,sell
2024-01-01T11:33:05.087Z,BTC,USDT,KUCOIN,6460656102555649,42626.0,0.0024,sell
2024-01-01T11:33:06.567Z,BTC,USDT,KUCOIN,6460656266526721,42626.1,1.924e-05,buy
2024-01-01T11:33:08.183Z,BTC,USDT,KUCOIN,6460656434823169,42626.1,0.00835333,buy
2024-01-01T11:33:08.186Z,BTC,USDT,KUCOIN,6460656435347457,42626.1,0.00802595,buy
2024-01-01T11:33:08.394Z,BTC,USDT,KUCOIN,6460656459071489,42626.1,0.00724728,buy
2024-01-01T11:33:12.508Z,BTC,USDT,KUCOIN,6460656817291271,42626.1,0.05391132,buy
2024-01-01T11:33:12.508Z,BTC,USDT,KUCOIN,6460656817291268,42626.1,0.04330447,buy
2024-01-01T11:33:12.508Z,BTC,USDT,KUCOIN,6460656817291265,42626.1,0.00121025,buy
2024-01-01T11:33:12.510Z,BTC,USDT,KUCOIN,6460656817684484,42626.1,0.02366296,buy
2024-01-01T11:33:12.510Z,BTC,USDT,KUCOIN,6460656817815553,42626.1,0.05180318,buy
2024-01-01T11:33:12.510Z,BTC,USDT,KUCOIN,6460656817684481,42626.1,0.08560936,buy
2024-01-01T11:33:12.522Z,BTC,USDT,KUCOIN,6460656824631297,42630.1,1.725e-05,sell
2024-01-01T11:33:15.894Z,BTC,USDT,KUCOIN,6460657148248065,42630.1,0.00010622,sell
2024-01-01T11:33:24.422Z,BTC,USDT,KUCOIN,6460657880678401,42630.2,0.00028886,buy
2024-01-01T11:33:24.961Z,BTC,USDT,KUCOIN,6460657924587521,42630.1,4.699e-05,sell
2024-01-01T11:33:25.657Z,BTC,USDT,KUCOIN,6460658010046480,42630.2,0.18017403,buy
2024-01-01T11:33:25.657Z,BTC,USDT,KUCOIN,6460658010046471,42630.2,0.525,buy
2024-01-01T11:33:25.657Z,BTC,USDT,KUCOIN,6460658010046477,42630.2,0.09141994,buy
2024-01-01T11:33:25.657Z,BTC,USDT,KUCOIN,6460658010046474,42630.2,0.525,buy
2024-01-01T11:33:25.657Z,BTC,USDT,KUCOIN,6460658010046465,42630.2,0.05811508,buy
2024-01-01T11:33:25.657Z,BTC,USDT,KUCOIN,6460658010046468,42630.2,0.05864387,buy
2024-01-01T11:33:25.660Z,BTC,USDT,KUCOIN,6460658013585409,42634.2,0.04,buy
2024-01-01T11:33:25.666Z,BTC,USDT,KUCOIN,6460658020663297,42634.7,0.16,buy
2024-01-01T11:33:25.712Z,BTC,USDT,KUCOIN,6460658069028865,42634.7,0.09484566,buy
2024-01-01T11:33:25.719Z,BTC,USDT,KUCOIN,6460658075320321,42634.7,0.08206258,buy
2024-01-01T11:33:25.719Z,BTC,USDT,KUCOIN,6460658075320324,42634.7,0.02049637,buy
2024-01-01T11:33:25.737Z,BTC,USDT,KUCOIN,6460658091835393,42636.3,0.07177602,buy
2024-01-01T11:33:27.403Z,BTC,USDT,KUCOIN,6460658321604609,42636.5,0.00032534,buy
2024-01-01T11:33:33.267Z,BTC,USDT,KUCOIN,6460658783895553,42636.4,0.00023745,sell
2024-01-01T11:33:34.555Z,BTC,USDT,KUCOIN,6460658864766977,42636.5,0.00011951,buy
2024-01-01T11:33:36.825Z,BTC,USDT,KUCOIN,6460659032801281,42636.5,0.03958582,buy
2024-01-01T11:33:36.827Z,BTC,USDT,KUCOIN,6460659033194497,42636.5,0.03743724,buy
2024-01-01T11:33:37.177Z,BTC,USDT,KUCOIN,6460659067928577,42638.0,0.00119809,sell
2024-01-01T11:33:41.653Z,BTC,USDT,KUCOIN,6460659366117380,42638.1,0.00490024,buy
2024-01-01T11:33:41.653Z,BTC,USDT,KUCOIN,6460659366117377,42638.1,0.0001,buy
2024-01-01T11:33:44.316Z,BTC,USDT,KUCOIN,6460659536904193,42638.1,9.349e-05,buy
2024-01-01T11:33:44.610Z,BTC,USDT,KUCOIN,6460659555385345,42638.0,0.00053207,sell
2024-01-01T11:33:44.670Z,BTC,USDT,KUCOIN,6460659557744641,42638.0,0.00053207,sell
2024-01-01T11:33:44.716Z,BTC,USDT,KUCOIN,6460659559055361,42638.0,0.00053207,sell
2024-01-01T11:33:49.425Z,BTC,USDT,KUCOIN,6460659855015937,42638.0,0.0261527,sell
2024-01-01T11:33:49.428Z,BTC,USDT,KUCOIN,6460659855147009,42638.0,0.00119772,sell
2024-01-01T11:33:52.201Z,BTC,USDT,KUCOIN,6460660099727361,42638.1,7.72e-05,buy
2024-01-01T11:33:52.341Z,BTC,USDT,KUCOIN,6460660108378113,42638.1,0.0002796,buy
2024-01-01T11:33:53.219Z,BTC,USDT,KUCOIN,6460660167491585,42638.1,0.00011371,buy
2024-01-01T11:34:00.503Z,BTC,USDT,KUCOIN,6460660702003201,42638.0,0.00547023,sell
2024-01-01T11:34:08.699Z,BTC,USDT,KUCOIN,6460661540995073,42639.6,0.00026823,sell
2024-01-01T11:34:29.714Z,BTC,USDT,KUCOIN,6460663385571329,42643.5,0.00023745,sell
2024-01-01T11:34:37.468Z,BTC,USDT,KUCOIN,6460663909990401,42643.6,5.293e-05,buy
2024-01-01T11:34:37.475Z,BTC,USDT,KUCOIN,6460663910514689,42643.6,4.707e-05,buy
2024-01-01T11:34:37.475Z,BTC,USDT,KUCOIN,6460663910514692,42643.6,0.00014366,buy
2024-01-01T11:34:49.770Z,BTC,USDT,KUCOIN,6460664691441665,42643.6,0.0010029,buy
2024-01-01T11:34:56.287Z,BTC,USDT,KUCOIN,6460665224511489,42643.6,0.00011715,buy
2024-01-01T11:34:56.308Z,BTC,USDT,KUCOIN,6460665225953281,42643.6,0.00081897,buy
2024-01-01T11:34:58.470Z,BTC,USDT,KUCOIN,6460665394774017,42643.5,0.0006,sell
2024-01-01T11:34:59.568Z,BTC,USDT,KUCOIN,6460665473679361,42643.6,6.301e-05,buy
2024-01-01T11:34:59.618Z,BTC,USDT,KUCOIN,6460665475645441,42643.6,6.301e-05,buy
2024-01-01T11:35:00.719Z,BTC,USDT,KUCOIN,6460665563463681,42643.5,0.12844985,sell
2024-01-01T11:35:02.643Z,BTC,USDT,KUCOIN,6460665777766401,42643.6,0.0001,buy
2024-01-01T11:35:11.125Z,BTC,USDT,KUCOIN,6460666494599169,42645.5,0.00011245,buy
2024-01-01T11:35:11.190Z,BTC,USDT,KUCOIN,6460666499448833,42645.5,0.00011245,buy
2024-01-01T11:35:11.226Z,BTC,USDT,KUCOIN,6460666503512065,42645.5,8.862e-05,buy
2024-01-01T11:35:11.357Z,BTC,USDT,KUCOIN,6460666515046401,42645.5,0.00019163,buy
2024-01-01T11:35:11.461Z,BTC,USDT,KUCOIN,6460666522910721,42645.5,1.445e-05,buy
2024-01-01T11:35:11.477Z,BTC,USDT,KUCOIN,6460666523959297,42645.5,0.00115478,buy
2024-01-01T11:35:11.497Z,BTC,USDT,KUCOIN,6460666525532161,42645.5,0.00106675,buy
2024-01-01T11:35:13.050Z,BTC,USDT,KUCOIN,6460666608762881,42645.5,5.207e-05,buy
2024-01-01T11:35:17.148Z,BTC,USDT,KUCOIN,6460666934083585,42645.4,0.00507698,sell
2024-01-01T11:35:18.278Z,BTC,USDT,KUCOIN,6460667006959617,42645.5,3.426e-05,buy
2024-01-01T11:35:19.800Z,BTC,USDT,KUCOIN,6460667147206657,42645.5,0.00119586,buy
2024-01-01T11:35:24.319Z,BTC,USDT,KUCOIN,6460667524694017,42647.6,0.0051399,buy
2024-01-01T11:35:26.609Z,BTC,USDT,KUCOIN,6460667741880321,42647.6,0.00025804,buy
2024-01-01T11:35:29.963Z,BTC,USDT,KUCOIN,6460668064972801,42647.6,0.0041,buy
2024-01-01T11:35:32.338Z,BTC,USDT,KUCOIN,6460668271411201,42647.5,0.00023686,sell
2024-01-01T11:35:34.134Z,BTC,USDT,KUCOIN,6460668363685889,42647.5,0.03502449,sell
2024-01-01T11:35:38.131Z,BTC,USDT,KUCOIN,6460668608004097,42647.6,0.00136992,buy
2024-01-01T11:35:43.997Z,BTC,USDT,KUCOIN,6460668999909383,42647.6,0.00463913,buy
2024-01-01T11:35:43.997Z,BTC,USDT,KUCOIN,6460668999909380,42647.6,0.09141994,buy
2024-01-01T11:35:43.997Z,BTC,USDT,KUCOIN,6460668999909377,42647.6,0.18009449,buy
2024-01-01T11:35:43.997Z,BTC,USDT,KUCOIN,6460669000040449,42647.6,0.04400026,buy
2024-01-01T11:35:44.254Z,BTC,USDT,KUCOIN,6460669046308865,42647.8,0.0001,buy
2024-01-01T11:35:54.425Z,BTC,USDT,KUCOIN,6460669832347649,42651.1,0.04252528,buy
2024-01-01T11:35:54.425Z,BTC,USDT,KUCOIN,6460669832478721,42651.1,0.05840394,buy
2024-01-01T11:35:54.747Z,BTC,USDT,KUCOIN,6460669962633217,42652.1,0.0001,buy
2024-01-01T11:35:55.746Z,BTC,USDT,KUCOIN,6460670056349697,42655.3,0.00079825,buy
2024-01-01T11:36:01.060Z,BTC,USDT,KUCOIN,6460670507761665,42655.2,0.00070195,sell
2024-01-01T11:36:16.231Z,BTC,USDT,KUCOIN,6460671791874049,42655.3,0.00092765,buy
2024-01-01T11:36:16.328Z,BTC,USDT,KUCOIN,6460671796854785,42655.3,0.00389484,buy
2024-01-01T11:36:18.576Z,BTC,USDT,KUCOIN,6460671923863553,42655.2,0.00071215,sell
2024-01-01T11:36:21.642Z,BTC,USDT,KUCOIN,6460672124796929,42655.2,0.00450955,sell
2024-01-01T11:36:28.177Z,BTC,USDT,KUCOIN,6460672536625153,42655.2,0.00457734,sell
2024-01-01T11:36:31.537Z,BTC,USDT,KUCOIN,6460672727990273,42655.3,0.00708522,buy
2024-01-01T11:36:32.074Z,BTC,USDT,KUCOIN,6460672758136833,42655.3,0.09036867,buy
2024-01-01T11:36:32.621Z,BTC,USDT,KUCOIN,6460672810958849,42655.3,0.01006806,buy
2024-01-01T11:36:33.669Z,BTC,USDT,KUCOIN,6460672903495681,42655.3,0.01006806,buy
2024-01-01T11:36:34.584Z,BTC,USDT,KUCOIN,6460672973094913,42655.2,0.0219473,sell
2024-01-01T11:36:34.584Z,BTC,USDT,KUCOIN,6460672973094916,42655.2,0.02700566,sell
2024-01-01T11:36:34.720Z,BTC,USDT,KUCOIN,6460672985677825,42655.3,0.01006806,buy
2024-01-01T11:36:35.799Z,BTC,USDT,KUCOIN,6460673111375873,42655.3,0.01006806,buy
2024-01-01T11:36:36.228Z,BTC,USDT,KUCOIN,6460673134313473,42655.3,0.03087673,buy
2024-01-01T11:36:36.695Z,BTC,USDT,KUCOIN,6460673171144705,42655.3,0.03464796,buy
2024-01-01T11:36:36.695Z,BTC,USDT,KUCOIN,6460673171144708,42655.3,0.05604579,buy
2024-01-01T11:36:36.874Z,BTC,USDT,KUCOIN,6460673188052993,42655.3,0.00470229,buy
2024-01-01T11:36:36.874Z,BTC,USDT,KUCOIN,6460673188052996,42655.3,0.00536577,buy
2024-01-01T11:36:37.928Z,BTC,USDT,KUCOIN,6460673290813441,42655.3,0.01006806,buy
2024-01-01T11:36:38.998Z,BTC,USDT,KUCOIN,6460673374699521,42655.3,0.01006808,buy
2024-01-01T11:36:40.406Z,BTC,USDT,KUCOIN,6460673458454529,42655.3,0.00107795,buy
2024-01-01T11:36:43.666Z,BTC,USDT,KUCOIN,6460673655980033,42655.2,0.01683264,sell
2024-01-01T11:36:48.315Z,BTC,USDT,KUCOIN,6460674221686785,42655.3,0.00018739,buy
2024-01-01T11:36:51.159Z,BTC,USDT,KUCOIN,6460674431664129,42655.2,0.0031,sell
2024-01-01T11:36:52.483Z,BTC,USDT,KUCOIN,6460674516860929,42655.2,0.00919517,sell
2024-01-01T11:36:53.452Z,BTC,USDT,KUCOIN,6460674576891905,42655.2,0.00104744,sell
2024-01-01T11:36:54.702Z,BTC,USDT,KUCOIN,6460674671263745,42655.2,0.00023443,sell
2024-01-01T11:36:55.131Z,BTC,USDT,KUCOIN,6460674697609217,42655.2,0.00759071,sell
2024-01-01T11:37:00.878Z,BTC,USDT,KUCOIN,6460675013623809,42655.2,0.01038171,sell
2024-01-01T11:37:02.278Z,BTC,USDT,KUCOIN,6460675093184513,42655.3,4.684e-05,buy
2024-01-01T11:37:05.609Z,BTC,USDT,KUCOIN,6460675292938241,42655.2,0.00024005,sell
2024-01-01T11:37:06.610Z,BTC,USDT,KUCOIN,6460675444588548,42655.2,0.00074261,sell
2024-01-01T11:37:06.610Z,BTC,USDT,KUCOIN,6460675444588545,42655.2,0.00362932,sell
2024-01-01T11:37:06.644Z,BTC,USDT,KUCOIN,6460675480371201,42651.0,0.01,sell
2024-01-01T11:37:09.765Z,BTC,USDT,KUCOIN,6460675850780673,42648.8,0.00035681,buy
2024-01-01T11:37:10.730Z,BTC,USDT,KUCOIN,6460675907928065,42648.7,0.00291453,sell
2024-01-01T11:37:11.610Z,BTC,USDT,KUCOIN,6460675950002177,42648.8,0.00019129,buy
2024-01-01T11:37:13.399Z,BTC,USDT,KUCOIN,6460676089724932,42647.8,0.0001,sell
2024-01-01T11:37:13.399Z,BTC,USDT,KUCOIN,6460676089724929,42648.7,0.00299457,sell
2024-01-01T11:37:14.336Z,BTC,USDT,KUCOIN,6460676181213185,42644.3,0.00554575,sell
2024-01-01T11:37:21.499Z,BTC,USDT,KUCOIN,6460676574035969,42644.3,0.00320221,sell
2024-01-01T11:37:22.136Z,BTC,USDT,KUCOIN,6460676610736129,42644.4,0.00015853,buy
2024-01-01T11:37:23.357Z,BTC,USDT,KUCOIN,6460676745740289,42644.3,0.001096,sell
2024-01-01T11:37:23.626Z,BTC,USDT,KUCOIN,6460676826480641,42644.2,0.01640658,sell
2024-01-01T11:37:23.637Z,BTC,USDT,KUCOIN,6460676833165316,42643.5,0.0001,sell
2024-01-01T11:37:23.637Z,BTC,USDT,KUCOIN,6460676833165313,42643.5,0.00012633,sell
2024-01-01T11:37:24.056Z,BTC,USDT,KUCOIN,6460676918099969,42639.2,0.0001,sell
2024-01-01T11:37:30.980Z,BTC,USDT,KUCOIN,6460677363875841,42635.0,2.78e-05,buy
2024-01-01T11:37:31.212Z,BTC,USDT,KUCOIN,6460677370691585,42634.9,0.25,sell
2024-01-01T11:37:32.203Z,BTC,USDT,KUCOIN,6460677414993921,42635.0,0.00080674,buy
2024-01-01T11:37:32.213Z,BTC,USDT,KUCOIN,6460677422465025,42635.0,0.00064592,buy
2024-01-01T11:37:32.214Z,BTC,USDT,KUCOIN,6460677423513601,42635.0,0.00080712,buy
2024-01-01T11:37:32.221Z,BTC,USDT,KUCOIN,6460677426528257,42635.0,0.00102688,buy
2024-01-01T11:37:32.244Z,BTC,USDT,KUCOIN,6460677434654721,42635.0,0.00453362,buy
2024-01-01T11:37:32.341Z,BTC,USDT,KUCOIN,6460677461393409,42635.0,0.00210522,buy
2024-01-01T11:37:37.713Z,BTC,USDT,KUCOIN,6460677763383297,42634.9,0.0009226,sell
2024-01-01T11:37:46.037Z,BTC,USDT,KUCOIN,6460678176653313,42635.0,4.805e-05,buy
2024-01-01T11:37:48.536Z,BTC,USDT,KUCOIN,6460678366707713,42634.9,7.648e-05,sell
2024-01-01T11:37:49.891Z,BTC,USDT,KUCOIN,6460678487949313,42634.9,0.00011177,sell
2024-01-01T11:37:49.925Z,BTC,USDT,KUCOIN,6460678504202241,42634.9,0.03996291,sell
2024-01-01T11:37:50.269Z,BTC,USDT,KUCOIN,6460678795968513,42634.0,1.22e-05,sell
2024-01-01T11:37:50.283Z,BTC,USDT,KUCOIN,6460678807109633,42633.8,1.22e-05,sell
2024-01-01T11:37:50.337Z,BTC,USDT,KUCOIN,6460678844334081,42633.8,8.78e-05,sell
2024-01-01T11:37:50.356Z,BTC,USDT,KUCOIN,6460678866092033,42629.7,8.78e-05,sell
2024-01-01T11:37:51.232Z,BTC,USDT,KUCOIN,6460679226802177,42629.8,0.00810638,buy
2024-01-01T11:37:51.933Z,BTC,USDT,KUCOIN,6460679328645121,42629.8,3.782e-05,buy
2024-01-01T11:38:01.316Z,BTC,USDT,KUCOIN,6460680126087169,42629.8,0.00253777,buy
2024-01-01T11:38:01.698Z,BTC,USDT,KUCOIN,6460680191754241,42629.8,0.00708844,buy
2024-01-01T11:38:09.465Z,BTC,USDT,KUCOIN,6460680765325313,42634.5,0.00018482,sell
2024-01-01T11:38:11.137Z,BTC,USDT,KUCOIN,6460680853274625,42634.5,0.00036,sell
2024-01-01T11:38:14.638Z,BTC,USDT,KUCOIN,6460681058140161,42634.6,0.02311972,buy
2024-01-01T11:38:14.666Z,BTC,USDT,KUCOIN,6460681058926593,42634.6,0.01909352,buy
2024-01-01T11:38:14.674Z,BTC,USDT,KUCOIN,6460681059188737,42634.6,0.00119637,buy
2024-01-01T11:38:20.300Z,BTC,USDT,KUCOIN,6460681370353665,42634.6,0.00035154,buy
2024-01-01T11:38:20.929Z,BTC,USDT,KUCOIN,6460681411248129,42634.6,0.00702706,buy
2024-01-01T11:38:24.015Z,BTC,USDT,KUCOIN,6460681633415171,42634.5,0.00441279,sell
2024-01-01T11:38:24.290Z,BTC,USDT,KUCOIN,6460681646391297,42634.6,0.03224526,buy
2024-01-01T11:38:25.421Z,BTC,USDT,KUCOIN,6460681777987585,42634.5,0.00049223,sell
2024-01-01T11:38:25.421Z,BTC,USDT,KUCOIN,6460681777987588,42629.8,0.00309972,sell
2024-01-01T11:38:25.421Z,BTC,USDT,KUCOIN,6460681777987591,42629.6,0.0001,sell
2024-01-01T11:38:31.977Z,BTC,USDT,KUCOIN,6460682198204417,42628.7,0.00063275,buy
2024-01-01T11:38:39.153Z,BTC,USDT,KUCOIN,6460682740056065,42628.7,0.01382712,buy
2024-01-01T11:38:50.297Z,BTC,USDT,KUCOIN,6460683537104897,42628.7,0.00234396,buy
2024-01-01T11:38:50.691Z,BTC,USDT,KUCOIN,6460683564892161,42628.7,0.000452,buy
2024-01-01T11:38:51.074Z,BTC,USDT,KUCOIN,6460683585339393,42628.7,0.00082817,buy
2024-01-01T11:38:52.625Z,BTC,USDT,KUCOIN,6460683674075137,42628.7,0.00121312,buy
2024-01-01T11:38:56.115Z,BTC,USDT,KUCOIN,6460683883921409,42628.6,0.00024881,sell
2024-01-01T11:38:57.911Z,BTC,USDT,KUCOIN,6460684038717441,42628.6,0.01139378,sell
2024-01-01T11:39:01.569Z,BTC,USDT,KUCOIN,6460684402180097,42628.6,1.629e-05,sell
2024-01-01T11:39:04.627Z,BTC,USDT,KUCOIN,6460684720816129,42628.7,0.00012262,buy
2024-01-01T11:39:04.642Z,BTC,USDT,KUCOIN,6460684721078273,42628.7,0.00012279,buy
2024-01-01T11:39:11.311Z,BTC,USDT,KUCOIN,6460685201063937,42628.7,0.0002305,buy
2024-01-01T11:39:12.128Z,BTC,USDT,KUCOIN,6460685238812673,42628.7,0.00023188,buy
2024-01-01T11:39:12.964Z,BTC,USDT,KUCOIN,6460685294518273,42628.7,0.0002301,buy
2024-01-01T11:39:13.006Z,BTC,USDT,KUCOIN,6460685295042561,42628.7,0.00079453,buy
2024-01-01T11:39:13.042Z,BTC,USDT,KUCOIN,6460685296615425,42628.7,0.0002301,buy
2024-01-01T11:39:13.221Z,BTC,USDT,KUCOIN,6460685310771201,42628.6,0.0048355,sell
2024-01-01T11:39:13.221Z,BTC,USDT,KUCOIN,6460685310771204,42628.6,0.0007645,sell
2024-01-01T11:39:14.653Z,BTC,USDT,KUCOIN,6460685418250241,42628.7,0.00023344,buy
2024-01-01T11:39:14.696Z,BTC,USDT,KUCOIN,6460685420216321,42628.7,4.687e-05,buy
2024-01-01T11:39:15.485Z,BTC,USDT,KUCOIN,6460685518258177,42628.7,0.00023215,buy
2024-01-01T11:39:16.303Z,BTC,USDT,KUCOIN,6460685579993089,42628.7,0.00023409,buy
2024-01-01T11:39:16.541Z,BTC,USDT,KUCOIN,6460685606862849,42628.7,4.018e-05,buy
2024-01-01T11:39:17.146Z,BTC,USDT,KUCOIN,6460685663617025,42628.7,0.00023198,buy
2024-01-01T11:39:17.980Z,BTC,USDT,KUCOIN,6460685753401345,42628.7,0.00023217,buy
2024-01-01T11:39:18.796Z,BTC,USDT,KUCOIN,6460685809631233,42628.7,0.00023281,buy
2024-01-01T11:39:21.216Z,BTC,USDT,KUCOIN,6460685952761857,42628.7,0.00023245,buy
2024-01-01T11:39:22.827Z,BTC,USDT,KUCOIN,6460686090649601,42628.7,0.00023262,buy
2024-01-01T11:39:23.348Z,BTC,USDT,KUCOIN,6460686182662148,42628.7,0.11986068,buy
2024-01-01T11:39:23.348Z,BTC,USDT,KUCOIN,6460686182268929,42628.7,0.15762531,buy
2024-01-01T11:39:23.348Z,BTC,USDT,KUCOIN,6460686182268932,42628.7,0.08237469,buy
2024-01-01T11:39:23.348Z,BTC,USDT,KUCOIN,6460686182662145,42628.7,0.03009943,buy
2024-01-01T11:39:23.348Z,BTC,USDT,KUCOIN,6460686182662151,42628.7,0.01003989,buy
2024-01-01T11:39:23.349Z,BTC,USDT,KUCOIN,6460686182924289,42628.7,0.00461046,buy
2024-01-01T11:39:23.352Z,BTC,USDT,KUCOIN,6460686186201089,42628.7,0.09442165,buy
2024-01-01T11:39:23.358Z,BTC,USDT,KUCOIN,6460686192623620,42631.7,0.000157,buy
2024-01-01T11:39:23.358Z,BTC,USDT,KUCOIN,6460686192623617,42631.6,8.78e-05,buy
2024-01-01T11:39:23.358Z,BTC,USDT,KUCOIN,6460686192623623,42633.8,0.23412288,buy
2024-01-01T11:39:23.398Z,BTC,USDT,KUCOIN,6460686248198145,42633.8,0.18017051,buy
2024-01-01T11:39:23.484Z,BTC,USDT,KUCOIN,6460686339555329,42634.5,0.00019404,buy
2024-01-01T11:39:23.578Z,BTC,USDT,KUCOIN,6460686408105985,42636.1,0.00020115,buy
2024-01-01T11:39:23.828Z,BTC,USDT,KUCOIN,6460686508507137,42637.5,0.01588642,buy
2024-01-01T11:39:23.975Z,BTC,USDT,KUCOIN,6460686541406209,42637.4,0.19940489,sell
2024-01-01T11:39:24.303Z,BTC,USDT,KUCOIN,6460686588854273,42637.5,7.03e-05,buy
2024-01-01T11:39:24.328Z,BTC,USDT,KUCOIN,6460686593703937,42637.5,0.00093775,buy
2024-01-01T11:39:25.284Z,BTC,USDT,KUCOIN,6460686702231553,42637.4,0.00098791,sell
2024-01-01T11:39:27.869Z,BTC,USDT,KUCOIN,6460686964637697,42637.6,0.00088043,buy
2024-01-01T11:39:27.918Z,BTC,USDT,KUCOIN,6460686966341633,42637.6,0.00029732,buy
2024-01-01T11:39:30.297Z,BTC,USDT,KUCOIN,6460687143157761,42637.6,0.00023434,buy
2024-01-01T11:39:49.368Z,BTC,USDT,KUCOIN,6460688375496705,42637.5,0.00046907,sell
2024-01-01T11:39:56.143Z,BTC,USDT,KUCOIN,6460688839884801,42637.6,0.00387156,buy
2024-01-01T11:39:57.535Z,BTC,USDT,KUCOIN,6460688922591233,42637.6,0.00010881,buy
2024-01-01T11:39:59.072Z,BTC,USDT,KUCOIN,6460689040031745,42637.6,0.0125001,buy
2024-01-01T11:40:05.229Z,BTC,USDT,KUCOIN,6460689537843201,42637.6,0.09133955,buy
2024-01-01T11:40:05.229Z,BTC,USDT,KUCOIN,6460689537974273,42637.6,0.08879949,buy
2024-01-01T11:40:05.233Z,BTC,USDT,KUCOIN,6460689540857860,42639.4,0.0799,buy
2024-01-01T11:40:05.233Z,BTC,USDT,KUCOIN,6460689540857857,42638.1,0.0001,buy
2024-01-01T11:40:05.239Z,BTC,USDT,KUCOIN,6460689547018247,42642.6,0.05057237,buy
2024-01-01T11:40:05.239Z,BTC,USDT,KUCOIN,6460689547018241,42641.6,0.00184,buy
2024-01-01T11:40:05.239Z,BTC,USDT,KUCOIN,6460689547018244,42642.6,0.02758763,buy
2024-01-01T11:40:05.575Z,BTC,USDT,KUCOIN,6460689652531201,42642.5,0.015528,sell
2024-01-01T11:40:07.302Z,BTC,USDT,KUCOIN,6460689908252676,42646.1,0.0001,buy
2024-01-01T11:40:07.302Z,BTC,USDT,KUCOIN,6460689908252673,42643.5,0.0001,buy
2024-01-01T11:40:10.452Z,BTC,USDT,KUCOIN,6460690371985409,42648.4,0.00030351,sell
2024-01-01T11:40:13.192Z,BTC,USDT,KUCOIN,6460690558238721,42648.5,7.821e-05,buy
2024-01-01T11:40:13.879Z,BTC,USDT,KUCOIN,6460690606211073,42648.5,2.179e-05,buy
2024-01-01T11:40:13.879Z,BTC,USDT,KUCOIN,6460690606211076,42648.5,3.172e-05,buy
2024-01-01T11:40:17.051Z,BTC,USDT,KUCOIN,6460690866257921,42648.4,0.04047966,sell
2024-01-01T11:40:20.900Z,BTC,USDT,KUCOIN,6460691270221834,42643.5,0.00013338,sell
2024-01-01T11:40:20.900Z,BTC,USDT,KUCOIN,6460691270221831,42644.2,0.0001,sell
2024-01-01T11:40:20.900Z,BTC,USDT,KUCOIN,6460691270221828,42647.7,0.00029871,sell
2024-01-01T11:40:20.900Z,BTC,USDT,KUCOIN,6460691270221825,42648.4,0.00791064,sell
2024-01-01T11:40:26.822Z,BTC,USDT,KUCOIN,6460691795558401,42639.2,0.0001,sell
2024-01-01T11:40:26.822Z,BTC,USDT,KUCOIN,6460691795558404,42639.2,0.03499291,sell
2024-01-01T11:40:31.884Z,BTC,USDT,KUCOIN,6460692333477889,42637.3,0.00134485,buy
2024-01-01T11:40:31.933Z,BTC,USDT,KUCOIN,6460692337278977,42637.2,4.55e-05,sell
2024-01-01T11:40:33.149Z,BTC,USDT,KUCOIN,6460692494958593,42633.3,0.0001,sell
2024-01-01T11:40:33.149Z,BTC,USDT,KUCOIN,6460692494958599,42631.4,0.00181,sell
2024-01-01T11:40:33.149Z,BTC,USDT,KUCOIN,6460692494958596,42631.5,0.02740175,sell
2024-01-01T11:40:33.151Z,BTC,USDT,KUCOIN,6460692496662532,42630.5,0.16,sell
2024-01-01T11:40:33.151Z,BTC,USDT,KUCOIN,6460692496662529,42630.7,0.0001,sell
2024-01-01T11:40:33.151Z,BTC,USDT,KUCOIN,6460692496662535,42629.9,0.02741689,sell
2024-01-01T11:40:34.946Z,BTC,USDT,KUCOIN,6460692830109706,42622.4,0.01250182,sell
2024-01-01T11:40:34.946Z,BTC,USDT,KUCOIN,6460692830109697,42628.7,6.12e-05,sell
2024-01-01T11:40:34.946Z,BTC,USDT,KUCOIN,6460692830109703,42625.0,0.00022791,sell
2024-01-01T11:40:34.946Z,BTC,USDT,KUCOIN,6460692830109700,42625.7,0.0001,sell
2024-01-01T11:40:34.986Z,BTC,USDT,KUCOIN,6460692847280129,42624.5,0.00023131,buy
2024-01-01T11:40:39.470Z,BTC,USDT,KUCOIN,6460693243772929,42624.5,0.035923,buy
2024-01-01T11:40:41.600Z,BTC,USDT,KUCOIN,6460693384675329,42624.5,0.00025701,buy
2024-01-01T11:40:41.873Z,BTC,USDT,KUCOIN,6460693401583617,42624.5,0.00139704,buy
2024-01-01T11:40:45.228Z,BTC,USDT,KUCOIN,6460693906604033,42624.5,0.00439849,buy
2024-01-01T11:40:45.357Z,BTC,USDT,KUCOIN,6460693920628737,42624.5,2.188e-05,buy
2024-01-01T11:40:52.973Z,BTC,USDT,KUCOIN,6460694638510081,42624.5,0.0009844,buy
2024-01-01T11:40:57.904Z,BTC,USDT,KUCOIN,6460695165419521,42628.4,0.00221414,buy
2024-01-01T11:40:59.160Z,BTC,USDT,KUCOIN,6460695264641025,42628.3,0.0082457,sell
2024-01-01T11:41:00.659Z,BTC,USDT,KUCOIN,6460695362551809,42628.4,8.349e-05,buy
2024-01-01T11:41:03.047Z,BTC,USDT,KUCOIN,6460695562567681,42628.4,0.00085161,buy
2024-01-01T11:41:09.346Z,BTC,USDT,KUCOIN,6460695998119937,42628.4,2.937e-05,buy
2024-01-01T11:41:13.452Z,BTC,USDT,KUCOIN,6460696340480001,42628.3,6.365e-05,sell
2024-01-01T11:41:16.614Z,BTC,USDT,KUCOIN,6460696593842177,42628.3,2.686e-05,sell
2024-01-01T11:41:28.813Z,BTC,USDT,KUCOIN,6460697534808065,42628.3,0.00118284,sell
2024-01-01T11:41:28.813Z,BTC,USDT,KUCOIN,6460697534808068,42628.3,0.00371716,sell
2024-01-01T11:41:31.016Z,BTC,USDT,KUCOIN,6460697684885505,42628.4,0.00042225,buy
2024-01-01T11:41:32.858Z,BTC,USDT,KUCOIN,6460697848725505,42628.4,0.00031582,buy
2024-01-01T11:41:42.843Z,BTC,USDT,KUCOIN,6460698508279809,42628.3,0.00023896,sell
2024-01-01T11:41:43.226Z,BTC,USDT,KUCOIN,6460698524925956,42628.3,0.09455156,sell
2024-01-01T11:41:43.226Z,BTC,USDT,KUCOIN,6460698524794881,42628.3,0.11720993,sell
2024-01-01T11:41:43.226Z,BTC,USDT,KUCOIN,6460698524925953,42628.3,0.00402939,sell
2024-01-01T11:41:43.229Z,BTC,USDT,KUCOIN,6460698526498820,42626.6,0.00035399,sell
2024-01-01T11:41:43.229Z,BTC,USDT,KUCOIN,6460698526498817,42626.9,0.02749597,sell
2024-01-01T11:41:43.229Z,BTC,USDT,KUCOIN,6460698526498823,42625.2,0.08300235,sell
2024-01-01T11:41:43.230Z,BTC,USDT,KUCOIN,6460698527285249,42625.2,2e-08,sell
2024-01-01T11:41:48.301Z,BTC,USDT,KUCOIN,6460699063762945,42624.5,4.688e-05,buy
2024-01-01T11:41:55.174Z,BTC,USDT,KUCOIN,6460699556069380,42624.4,0.05840394,sell
2024-01-01T11:41:55.174Z,BTC,USDT,KUCOIN,6460699556069377,42624.4,0.0001,sell
2024-01-01T11:41:55.174Z,BTC,USDT,KUCOIN,6460699556069383,42624.4,1.402e-05,sell
2024-01-01T11:41:55.174Z,BTC,USDT,KUCOIN,6460699556069386,42624.4,0.07354729,sell
2024-01-01T11:41:56.032Z,BTC,USDT,KUCOIN,6460699699200091,42620.6,0.00045876,sell
2024-01-01T11:41:56.032Z,BTC,USDT,KUCOIN,6460699699200103,42620.6,0.00309098,sell
2024-01-01T11:41:56.032Z,BTC,USDT,KUCOIN,6460699699200037,42620.6,0.00208844,sell
2024-01-01T11:41:56.032Z,BTC,USDT,KUCOIN,6460699699200031,42620.6,0.00268488,sell
2024-01-01T11:41:56.032Z,BTC,USDT,KUCOIN,6460699699200058,42620.6,0.00646103,sell
2024-01-01T11:41:56.032Z,BTC,USDT,KUCOIN,6460699699200109,42620.6,0.00326787,sell
2024-01-01T11:41:56.032Z,BTC,USDT,KUCOIN,6460699699200118,42618.7,0.06641402,sell
2024-01-01T11:41:56.032Z,BTC,USDT,KUCOIN,6460699699200097,42620.6,0.00114707,sell
2024-01-01T11:41:56.032Z,BTC,USDT,KUCOIN,6460699699200025,42620.6,0.00119784,sell
2024-01-01T11:41:56.032Z,BTC,USDT,KUCOIN,6460699699200088,42620.6,0.00362324,sell
2024-01-01T11:41:56.032Z,BTC,USDT,KUCOIN,6460699699200004,42620.6,0.00189347,sell
2024-01-01T11:41:56.032Z,BTC,USDT,KUCOIN,6460699699200007,42620.6,0.00244717,sell
2024-01-01T11:41:56.032Z,BTC,USDT,KUCOIN,6460699699200022,42620.6,0.00256592,sell
2024-01-01T11:41:56.032Z,BTC,USDT,KUCOIN,6460699699200043,42620.6,0.00323473,sell
2024-01-01T11:41:56.032Z,BTC,USDT,KUCOIN,6460699699200094,42620.6,0.00160634,sell
2024-01-01T11:41:56.032Z,BTC,USDT,KUCOIN,6460699699200001,42621.6,0.0001,sell
2024-01-01T11:41:56.032Z,BTC,USDT,KUCOIN,6460699699200073,42620.6,0.00250348,sell
2024-01-01T11:41:56.032Z,BTC,USDT,KUCOIN,6460699699200070,42620.6,0.01218081,sell
2024-01-01T11:41:56.032Z,BTC,USDT,KUCOIN,6460699699200112,42620.4,0.00177,sell
2024-01-01T11:41:56.032Z,BTC,USDT,KUCOIN,6460699699200046,42620.6,0.00302862,sell
2024-01-01T11:41:56.032Z,BTC,USDT,KUCOIN,6460699699200019,42620.6,0.00274306,sell
2024-01-01T11:41:56.032Z,BTC,USDT,KUCOIN,6460699699200106,42620.6,0.00411387,sell
2024-01-01T11:41:56.032Z,BTC,USDT,KUCOIN,6460699699200115,42620.0,0.00014412,sell
2024-01-01T11:41:56.032Z,BTC,USDT,KUCOIN,6460699699200076,42620.6,0.00550474,sell
2024-01-01T11:41:56.032Z,BTC,USDT,KUCOIN,6460699699200082,42620.6,0.00226111,sell
2024-01-01T11:41:56.032Z,BTC,USDT,KUCOIN,6460699699200010,42620.6,0.00184058,sell
2024-01-01T11:41:56.032Z,BTC,USDT,KUCOIN,6460699699200016,42620.6,0.00170383,sell
2024-01-01T11:41:56.032Z,BTC,USDT,KUCOIN,6460699699200028,42620.6,0.00486068,sell
2024-01-01T11:41:56.032Z,BTC,USDT,KUCOIN,6460699699200055,42620.6,0.00102684,sell
2024-01-01T11:41:56.032Z,BTC,USDT,KUCOIN,6460699699200052,42620.6,0.00240885,sell
2024-01-01T11:41:56.032Z,BTC,USDT,KUCOIN,6460699699200067,42620.6,0.00914948,sell
2024-01-01T11:41:56.032Z,BTC,USDT,KUCOIN,6460699699200100,42620.6,0.00145281,sell
2024-01-01T11:41:56.032Z,BTC,USDT,KUCOIN,6460699699200061,42620.6,0.00234245,sell
2024-01-01T11:41:56.032Z,BTC,USDT,KUCOIN,6460699699200040,42620.6,0.0066484,sell
2024-01-01T11:41:56.032Z,BTC,USDT,KUCOIN,6460699699200079,42620.6,0.00425042,sell
2024-01-01T11:41:56.032Z,BTC,USDT,KUCOIN,6460699699200049,42620.6,0.00129611,sell
2024-01-01T11:41:56.032Z,BTC,USDT,KUCOIN,6460699699200013,42620.6,0.00065415,sell
2024-01-01T11:41:56.032Z,BTC,USDT,KUCOIN,6460699699200034,42620.6,0.00572291,sell
2024-01-01T11:41:56.032Z,BTC,USDT,KUCOIN,6460699699200064,42620.6,0.00063265,sell
2024-01-01T11:41:56.032Z,BTC,USDT,KUCOIN,6460699699200085,42620.6,0.00135192,sell
2024-01-01T11:41:56.530Z,BTC,USDT,KUCOIN,6460699864743937,42618.0,0.0001,sell
2024-01-01T11:41:56.990Z,BTC,USDT,KUCOIN,6460699932770308,42617.0,0.00015893,sell
2024-01-01T11:41:56.990Z,BTC,USDT,KUCOIN,6460699932770317,42614.9,0.00039567,sell
2024-01-01T11:41:56.990Z,BTC,USDT,KUCOIN,6460699932770305,42617.4,0.00011543,sell
2024-01-01T11:41:56.990Z,BTC,USDT,KUCOIN,6460699932770311,42615.9,2.377e-05,sell
2024-01-01T11:41:56.990Z,BTC,USDT,KUCOIN,6460699932770314,42615.7,1.22e-05,sell
2024-01-01T11:41:57.008Z,BTC,USDT,KUCOIN,6460699937882113,42615.0,0.0001842,buy
2024-01-01T11:41:57.031Z,BTC,USDT,KUCOIN,6460699942207498,42614.9,0.00446477,sell
2024-01-01T11:41:57.031Z,BTC,USDT,KUCOIN,6460699942207489,42614.9,0.0003083,sell
2024-01-01T11:41:57.031Z,BTC,USDT,KUCOIN,6460699942207492,42614.9,0.0001,sell
2024-01-01T11:41:57.031Z,BTC,USDT,KUCOIN,6460699942207495,42614.9,0.05468678,sell
2024-01-01T11:41:59.258Z,BTC,USDT,KUCOIN,6460700176302081,42613.7,0.0002571,buy
2024-01-01T11:42:02.282Z,BTC,USDT,KUCOIN,6460700376186881,42613.7,9.379e-05,buy
2024-01-01T11:42:04.284Z,BTC,USDT,KUCOIN,6460700494807041,42613.7,4.689e-05,buy
2024-01-01T11:42:04.284Z,BTC,USDT,KUCOIN,6460700494675969,42613.7,2.344e-05,buy
2024-01-01T11:42:05.284Z,BTC,USDT,KUCOIN,6460700580528129,42613.7,0.002619,buy
2024-01-01T11:42:05.819Z,BTC,USDT,KUCOIN,6460700717891585,42613.6,0.0001,sell
2024-01-01T11:42:05.819Z,BTC,USDT,KUCOIN,6460700717891588,42613.6,0.0003849,sell
2024-01-01T11:42:17.468Z,BTC,USDT,KUCOIN,6460701699620865,42613.6,0.00067196,sell
2024-01-01T11:42:26.271Z,BTC,USDT,KUCOIN,6460702483693569,42613.6,0.00023379,sell
2024-01-01T11:42:26.844Z,BTC,USDT,KUCOIN,6460702555258881,42612.4,0.00124937,sell
2024-01-01T11:42:26.844Z,BTC,USDT,KUCOIN,6460702555258890,42612.4,0.00023024,sell
2024-01-01T11:42:26.844Z,BTC,USDT,KUCOIN,6460702555258893,42612.4,0.00098289,sell
2024-01-01T11:42:26.844Z,BTC,USDT,KUCOIN,6460702555258896,42612.4,0.00106313,sell
2024-01-01T11:42:26.844Z,BTC,USDT,KUCOIN,6460702555258887,42612.4,0.00241662,sell
2024-01-01T11:42:26.844Z,BTC,USDT,KUCOIN,6460702555258902,42612.4,0.0008725,sell
2024-01-01T11:42:26.844Z,BTC,USDT,KUCOIN,6460702555258899,42612.4,0.00153645,sell
2024-01-01T11:42:26.844Z,BTC,USDT,KUCOIN,6460702555258884,42612.4,0.01173645,sell
2024-01-01T11:42:29.915Z,BTC,USDT,KUCOIN,6460702839554049,42609.5,7.551e-05,buy
2024-01-01T11:42:31.205Z,BTC,USDT,KUCOIN,6460702927241217,42609.5,4.947e-05,buy
2024-01-01T11:42:31.267Z,BTC,USDT,KUCOIN,6460702929862657,42609.5,4.947e-05,buy
2024-01-01T11:42:31.327Z,BTC,USDT,KUCOIN,6460702932746241,42609.5,4.947e-05,buy
2024-01-01T11:42:31.383Z,BTC,USDT,KUCOIN,6460702936547329,42609.5,4.947e-05,buy
2024-01-01T11:42:31.448Z,BTC,USDT,KUCOIN,6460702940217345,42609.5,4.947e-05,buy
2024-01-01T11:42:31.509Z,BTC,USDT,KUCOIN,6460702943494145,42609.5,4.947e-05,buy
2024-01-01T11:42:31.560Z,BTC,USDT,KUCOIN,6460702945853441,42609.5,3.312e-05,buy
2024-01-01T11:42:31.616Z,BTC,USDT,KUCOIN,6460702954635265,42609.5,4.947e-05,buy
2024-01-01T11:42:31.674Z,BTC,USDT,KUCOIN,6460702955814913,42609.5,4.947e-05,buy
2024-01-01T11:42:31.727Z,BTC,USDT,KUCOIN,6460702956470273,42609.5,4.947e-05,buy
2024-01-01T11:42:31.803Z,BTC,USDT,KUCOIN,6460702963941377,42609.5,3.817e-05,buy
2024-01-01T11:42:37.104Z,BTC,USDT,KUCOIN,6460703374852097,42609.4,9.376e-05,sell
2024-01-01T11:42:38.414Z,BTC,USDT,KUCOIN,6460703484166145,42609.5,0.00025977,buy
2024-01-01T11:42:38.480Z,BTC,USDT,KUCOIN,6460703490588673,42609.5,0.00025959,buy
2024-01-01T11:42:38.555Z,BTC,USDT,KUCOIN,6460703497404417,42609.5,0.0002594,buy
2024-01-01T11:42:38.614Z,BTC,USDT,KUCOIN,6460703500025857,42609.5,0.00014794,buy
2024-01-01T11:42:38.802Z,BTC,USDT,KUCOIN,6460703519948801,42609.5,0.00055467,buy
2024-01-01T11:42:39.985Z,BTC,USDT,KUCOIN,6460703592300545,42609.5,0.00262035,buy
2024-01-01T11:42:40.322Z,BTC,USDT,KUCOIN,6460703641714689,42609.5,0.00696163,buy
2024-01-01T11:42:40.329Z,BTC,USDT,KUCOIN,6460703642370049,42609.5,0.0129015,buy
2024-01-01T11:42:40.341Z,BTC,USDT,KUCOIN,6460703643025409,42609.5,0.00320155,buy
2024-01-01T11:42:40.341Z,BTC,USDT,KUCOIN,6460703642894337,42609.5,0.00707664,buy
2024-01-01T11:42:40.344Z,BTC,USDT,KUCOIN,6460703643811841,42609.5,0.0081845,buy
2024-01-01T11:42:40.360Z,BTC,USDT,KUCOIN,6460703644860417,42609.5,0.00119707,buy
2024-01-01T11:42:43.270Z,BTC,USDT,KUCOIN,6460703898877953,42609.5,0.00035754,buy
2024-01-01T11:42:43.872Z,BTC,USDT,KUCOIN,6460703954714625,42609.5,7.342e-05,buy
2024-01-01T11:42:48.744Z,BTC,USDT,KUCOIN,6460704284884993,42609.5,0.00028778,buy
2024-01-01T11:42:48.878Z,BTC,USDT,KUCOIN,6460704302055425,42609.5,0.00137794,buy
2024-01-01T11:42:52.147Z,BTC,USDT,KUCOIN,6460704614531076,42609.4,1.402e-05,sell
2024-01-01T11:42:52.147Z,BTC,USDT,KUCOIN,6460704614531073,42609.4,6.24e-06,sell
2024-01-01T11:42:52.852Z,BTC,USDT,KUCOIN,6460704675086337,42609.0,0.00011037,sell
2024-01-01T11:42:52.852Z,BTC,USDT,KUCOIN,6460704675086340,42606.8,2.362e-05,sell
2024-01-01T11:42:52.852Z,BTC,USDT,KUCOIN,6460704675086343,42606.5,0.00039373,sell
2024-01-01T11:42:52.852Z,BTC,USDT,KUCOIN,6460704675086346,42606.2,0.01135623,sell
2024-01-01T11:42:58.300Z,BTC,USDT,KUCOIN,6460705238433793,42606.1,4.69e-05,buy
2024-01-01T11:43:01.389Z,BTC,USDT,KUCOIN,6460705473183745,42606.1,0.03769809,buy
2024-01-01T11:43:01.396Z,BTC,USDT,KUCOIN,6460705474232321,42606.1,0.05554904,buy
2024-01-01T11:43:02.578Z,BTC,USDT,KUCOIN,6460705570832385,42606.2,0.02008764,buy
2024-01-01T11:43:02.637Z,BTC,USDT,KUCOIN,6460705616576513,42606.2,0.00023379,buy
2024-01-01T11:43:13.921Z,BTC,USDT,KUCOIN,6460706487025665,42610.6,0.00242477,sell
2024-01-01T11:43:15.464Z,BTC,USDT,KUCOIN,6460706591883265,42610.6,2.96e-05,sell
2024-01-01T11:43:16.779Z,BTC,USDT,KUCOIN,6460706690580481,42610.7,0.00031815,buy
2024-01-01T11:43:20.219Z,BTC,USDT,KUCOIN,6460706878537729,42610.7,0.00131234,buy
2024-01-01T11:43:23.277Z,BTC,USDT,KUCOIN,6460707026780161,42610.7,2.346e-05,buy
2024-01-01T11:43:25.923Z,BTC,USDT,KUCOIN,6460707309764609,42610.7,0.00046856,buy
2024-01-01T11:43:25.971Z,BTC,USDT,KUCOIN,6460707311599617,42610.7,0.00030164,buy
2024-01-01T11:43:26.781Z,BTC,USDT,KUCOIN,6460707368091649,42610.7,3.871e-05,buy
2024-01-01T11:43:27.443Z,BTC,USDT,KUCOIN,6460707408723969,42610.7,0.0001,buy
2024-01-01T11:43:27.772Z,BTC,USDT,KUCOIN,6460707430744065,42610.7,2.019e-05,buy
2024-01-01T11:43:27.859Z,BTC,USDT,KUCOIN,6460707433496577,42610.7,0.000583,buy
2024-01-01T11:43:36.212Z,BTC,USDT,KUCOIN,6460707845455873,42610.7,0.00024618,buy
2024-01-01T11:43:42.140Z,BTC,USDT,KUCOIN,6460708315742209,42610.6,0.00046281,sell
2024-01-01T11:43:43.746Z,BTC,USDT,KUCOIN,6460708493606913,42606.1,0.00035211,buy
2024-01-01T11:43:46.072Z,BTC,USDT,KUCOIN,6460708642504705,42606.1,0.00184355,buy
2024-01-01T11:43:46.094Z,BTC,USDT,KUCOIN,6460708643160068,42606.0,0.00164447,sell
2024-01-01T11:43:46.094Z,BTC,USDT,KUCOIN,6460708643160065,42606.0,0.00011034,sell
2024-01-01T11:43:46.184Z,BTC,USDT,KUCOIN,6460708651810817,42605.2,2.55e-05,buy
2024-01-01T11:43:46.221Z,BTC,USDT,KUCOIN,6460708654301185,42605.2,0.00014791,buy
2024-01-01T11:43:51.866Z,BTC,USDT,KUCOIN,6460709069012993,42605.2,0.00083871,buy
2024-01-01T11:43:52.620Z,BTC,USDT,KUCOIN,6460709145952257,42605.2,7.186e-05,buy
2024-01-01T11:44:00.047Z,BTC,USDT,KUCOIN,6460709577310209,42605.2,4.207e-05,buy
2024-01-01T11:44:22.734Z,BTC,USDT,KUCOIN,6460711188054017,42605.1,0.00108297,sell
2024-01-01T11:44:22.734Z,BTC,USDT,KUCOIN,6460711188054023,42605.1,0.01822276,sell
2024-01-01T11:44:22.734Z,BTC,USDT,KUCOIN,6460711188054020,42605.1,0.00469427,sell
2024-01-01T11:44:24.331Z,BTC,USDT,KUCOIN,6460711279542273,42605.2,2.484e-05,buy
2024-01-01T11:44:24.365Z,BTC,USDT,KUCOIN,6460711282425857,42605.2,2.484e-05,buy
2024-01-01T11:44:24.401Z,BTC,USDT,KUCOIN,6460711284916225,42605.2,2.484e-05,buy
2024-01-01T11:44:24.431Z,BTC,USDT,KUCOIN,6460711286751233,42605.2,2.484e-05,buy
2024-01-01T11:44:24.457Z,BTC,USDT,KUCOIN,6460711288193025,42605.2,2.484e-05,buy
2024-01-01T11:44:24.488Z,BTC,USDT,KUCOIN,6460711289503745,42605.2,2.484e-05,buy
2024-01-01T11:44:24.519Z,BTC,USDT,KUCOIN,6460711290945537,42605.2,2.484e-05,buy
2024-01-01T11:44:24.543Z,BTC,USDT,KUCOIN,6460711291863041,42605.2,2.484e-05,buy
2024-01-01T11:44:24.565Z,BTC,USDT,KUCOIN,6460711292780545,42605.2,2.484e-05,buy
2024-01-01T11:44:24.589Z,BTC,USDT,KUCOIN,6460711293960193,42605.2,2.484e-05,buy
2024-01-01T11:44:24.616Z,BTC,USDT,KUCOIN,6460711294877697,42605.2,2.484e-05,buy
2024-01-01T11:44:24.644Z,BTC,USDT,KUCOIN,6460711295270913,42605.2,2.484e-05,buy
2024-01-01T11:44:24.671Z,BTC,USDT,KUCOIN,6460711295664129,42605.2,2.484e-05,buy
2024-01-01T11:44:24.675Z,BTC,USDT,KUCOIN,6460711295795201,42605.2,0.00498602,buy
2024-01-01T11:44:24.682Z,BTC,USDT,KUCOIN,6460711296057345,42605.2,2.199e-05,buy
2024-01-01T11:44:24.694Z,BTC,USDT,KUCOIN,6460711296319489,42605.2,2.484e-05,buy
2024-01-01T11:44:24.718Z,BTC,USDT,KUCOIN,6460711296581633,42605.2,2.484e-05,buy
2024-01-01T11:44:24.744Z,BTC,USDT,KUCOIN,6460711299072001,42605.2,2.484e-05,buy
2024-01-01T11:44:24.768Z,BTC,USDT,KUCOIN,6460711305887745,42605.2,2.484e-05,buy
2024-01-01T11:44:24.799Z,BTC,USDT,KUCOIN,6460711306018817,42605.2,2.484e-05,buy
2024-01-01T11:44:24.833Z,BTC,USDT,KUCOIN,6460711307067393,42605.2,2.484e-05,buy
2024-01-01T11:44:24.864Z,BTC,USDT,KUCOIN,6460711308378113,42605.2,2.484e-05,buy
2024-01-01T11:44:24.893Z,BTC,USDT,KUCOIN,6460711309688833,42605.2,2.484e-05,buy
2024-01-01T11:44:24.919Z,BTC,USDT,KUCOIN,6460711310606337,42605.2,2.484e-05,buy
2024-01-01T11:44:24.944Z,BTC,USDT,KUCOIN,6460711311261697,42605.2,2.484e-05,buy
2024-01-01T11:44:24.967Z,BTC,USDT,KUCOIN,6460711311785985,42605.2,2.484e-05,buy
2024-01-01T11:44:24.998Z,BTC,USDT,KUCOIN,6460711313358849,42605.2,2.484e-05,buy
2024-01-01T11:44:25.031Z,BTC,USDT,KUCOIN,6460711314407425,42605.2,2.484e-05,buy
2024-01-01T11:44:25.062Z,BTC,USDT,KUCOIN,6460711315980289,42605.2,2.484e-05,buy
2024-01-01T11:44:25.088Z,BTC,USDT,KUCOIN,6460711317291009,42605.2,2.484e-05,buy
2024-01-01T11:44:25.123Z,BTC,USDT,KUCOIN,6460711318601729,42605.2,2.484e-05,buy
2024-01-01T11:44:25.159Z,BTC,USDT,KUCOIN,6460711321223169,42605.2,2.484e-05,buy
2024-01-01T11:44:25.191Z,BTC,USDT,KUCOIN,6460711322664961,42605.2,2.484e-05,buy
2024-01-01T11:44:25.214Z,BTC,USDT,KUCOIN,6460711323713537,42605.2,2.484e-05,buy
2024-01-01T11:44:25.241Z,BTC,USDT,KUCOIN,6460711325548545,42605.2,2.484e-05,buy
2024-01-01T11:44:25.266Z,BTC,USDT,KUCOIN,6460711327121409,42605.2,2.484e-05,buy
2024-01-01T11:44:25.288Z,BTC,USDT,KUCOIN,6460711328563201,42605.2,2.484e-05,buy
2024-01-01T11:44:25.322Z,BTC,USDT,KUCOIN,6460711331577857,42605.2,2.484e-05,buy
2024-01-01T11:44:25.346Z,BTC,USDT,KUCOIN,6460711334068225,42605.2,2.484e-05,buy
2024-01-01T11:44:25.371Z,BTC,USDT,KUCOIN,6460711336951809,42605.2,2.484e-05,buy
2024-01-01T11:44:25.399Z,BTC,USDT,KUCOIN,6460711338917889,42605.2,2.484e-05,buy
2024-01-01T11:44:25.426Z,BTC,USDT,KUCOIN,6460711340228609,42605.2,2.484e-05,buy
2024-01-01T11:44:25.451Z,BTC,USDT,KUCOIN,6460711341146113,42605.2,2.484e-05,buy
2024-01-01T11:44:25.474Z,BTC,USDT,KUCOIN,6460711342456833,42605.2,2.484e-05,buy
2024-01-01T11:44:25.504Z,BTC,USDT,KUCOIN,6460711343898625,42605.2,2.484e-05,buy
2024-01-01T11:44:25.537Z,BTC,USDT,KUCOIN,6460711345078273,42605.2,2.484e-05,buy
2024-01-01T11:44:25.562Z,BTC,USDT,KUCOIN,6460711346651137,42605.2,2.484e-05,buy
2024-01-01T11:44:25.588Z,BTC,USDT,KUCOIN,6460711348092929,42605.2,2.484e-05,buy
2024-01-01T11:44:25.610Z,BTC,USDT,KUCOIN,6460711349403649,42605.2,2.484e-05,buy
2024-01-01T11:44:25.639Z,BTC,USDT,KUCOIN,6460711350714369,42605.2,2.484e-05,buy
2024-01-01T11:44:25.665Z,BTC,USDT,KUCOIN,6460711351107585,42605.2,2.484e-05,buy
2024-01-01T11:44:25.691Z,BTC,USDT,KUCOIN,6460711351762945,42605.2,2.484e-05,buy
2024-01-01T11:44:25.717Z,BTC,USDT,KUCOIN,6460711352418305,42605.2,2.484e-05,buy
2024-01-01T11:44:35.767Z,BTC,USDT,KUCOIN,6460711998078977,42605.2,0.00369369,buy
2024-01-01T11:44:35.777Z,BTC,USDT,KUCOIN,6460711998341121,42605.2,0.00018913,buy
2024-01-01T11:44:38.706Z,BTC,USDT,KUCOIN,6460712199667713,42605.2,0.00041606,buy
2024-01-01T11:44:46.170Z,BTC,USDT,KUCOIN,6460712725397505,42605.2,0.00771586,buy
2024-01-01T11:44:46.786Z,BTC,USDT,KUCOIN,6460712766291975,42605.1,0.0001,sell
2024-01-01T11:44:46.786Z,BTC,USDT,KUCOIN,6460712766291972,42605.1,0.00049939,sell
2024-01-01T11:44:46.786Z,BTC,USDT,KUCOIN,6460712766291978,42605.1,6.138e-05,sell
2024-01-01T11:44:46.786Z,BTC,USDT,KUCOIN,6460712766291969,42605.1,6.488e-05,sell
2024-01-01T11:44:47.107Z,BTC,USDT,KUCOIN,6460712775204865,42605.2,0.00026008,buy
2024-01-01T11:44:47.256Z,BTC,USDT,KUCOIN,6460712781234177,42605.2,0.00026008,buy
2024-01-01T11:44:58.632Z,BTC,USDT,KUCOIN,6460713461104641,42605.1,4.529e-05,sell
2024-01-01T11:44:59.680Z,BTC,USDT,KUCOIN,6460713513664513,42605.2,0.00046282,buy
2024-01-01T11:44:59.742Z,BTC,USDT,KUCOIN,6460713544466433,42605.2,0.01,buy
2024-01-01T11:45:00.315Z,BTC,USDT,KUCOIN,6460713618653185,42605.2,0.01070789,buy
2024-01-01T11:45:00.434Z,BTC,USDT,KUCOIN,6460713626386433,42605.2,4.69e-05,buy
2024-01-01T11:45:07.277Z,BTC,USDT,KUCOIN,6460714134945793,42605.2,0.10659136,buy
2024-01-01T11:45:07.277Z,BTC,USDT,KUCOIN,6460714135076865,42605.2,0.08693834,buy
2024-01-01T11:45:07.277Z,BTC,USDT,KUCOIN,6460714135207937,42605.2,0.1270335,buy
2024-01-01T11:45:07.277Z,BTC,USDT,KUCOIN,6460714135076868,42605.2,0.05323659,buy
2024-01-01T11:45:07.709Z,BTC,USDT,KUCOIN,6460714329718785,42609.3,1.815e-05,sell
2024-01-01T11:45:07.865Z,BTC,USDT,KUCOIN,6460714351869953,42609.4,0.0001,buy
2024-01-01T11:45:07.865Z,BTC,USDT,KUCOIN,6460714351869956,42610.7,5.163e-05,buy
2024-01-01T11:45:07.865Z,BTC,USDT,KUCOIN,6460714351869959,42613.5,0.00031771,buy
2024-01-01T11:45:12.288Z,BTC,USDT,KUCOIN,6460714721755137,42613.5,4.689e-05,buy
2024-01-01T11:45:13.395Z,BTC,USDT,KUCOIN,6460714780868609,42613.5,0.00030147,buy
2024-01-01T11:45:15.563Z,BTC,USDT,KUCOIN,6460714906304513,42613.4,0.001514,sell
2024-01-01T11:45:16.390Z,BTC,USDT,KUCOIN,6460714960437249,42613.5,2.552e-05,buy
2024-01-01T11:45:16.577Z,BTC,USDT,KUCOIN,6460714971447297,42613.4,0.00022416,sell
2024-01-01T11:45:16.577Z,BTC,USDT,KUCOIN,6460714971316225,42613.4,0.01320495,sell
2024-01-01T11:45:18.561Z,BTC,USDT,KUCOIN,6460715130830849,42613.6,0.00164848,buy
2024-01-01T11:45:19.411Z,BTC,USDT,KUCOIN,6460715209605121,42613.7,6.531e-05,buy
2024-01-01T11:45:19.421Z,BTC,USDT,KUCOIN,6460715210391553,42613.7,3.469e-05,buy
2024-01-01T11:45:20.599Z,BTC,USDT,KUCOIN,6460715386683393,42617.9,9.998e-05,buy
2024-01-01T11:45:24.580Z,BTC,USDT,KUCOIN,6460715644502017,42617.9,2e-08,buy
2024-01-01T11:45:25.408Z,BTC,USDT,KUCOIN,6460715701256193,42619.5,0.00121272,buy
2024-01-01T11:45:29.229Z,BTC,USDT,KUCOIN,6460716228034564,42624.7,0.00191136,buy
2024-01-01T11:45:29.229Z,BTC,USDT,KUCOIN,6460716228034561,42622.3,0.0001,buy
2024-01-01T11:45:34.442Z,BTC,USDT,KUCOIN,6460716901744641,42628.7,9.998e-05,buy
2024-01-01T11:45:46.746Z,BTC,USDT,KUCOIN,6460717878362113,42628.6,2.048e-05,sell
2024-01-01T11:45:46.760Z,BTC,USDT,KUCOIN,6460717878755329,42628.6,0.01141371,sell
2024-01-01T11:45:46.803Z,BTC,USDT,KUCOIN,6460717887537153,42628.6,2.048e-05,sell
2024-01-01T11:45:50.242Z,BTC,USDT,KUCOIN,6460718190182401,42628.6,0.05840394,sell
2024-01-01T11:45:50.317Z,BTC,USDT,KUCOIN,6460718240907265,42628.6,3.469e-05,sell
2024-01-01T11:45:50.321Z,BTC,USDT,KUCOIN,6460718243397636,42628.6,0.00234584,sell
2024-01-01T11:45:50.321Z,BTC,USDT,KUCOIN,6460718243397633,42628.6,0.33176714,sell
2024-01-01T11:45:54.294Z,BTC,USDT,KUCOIN,6460718624948225,42623.1,4.688e-05,buy
2024-01-01T11:45:56.687Z,BTC,USDT,KUCOIN,6460718880276481,42623.1,0.00966121,buy
2024-01-01T11:45:57.292Z,BTC,USDT,KUCOIN,6460718935064577,42623.0,1.158e-05,sell
2024-01-01T11:45:59.981Z,BTC,USDT,KUCOIN,6460719132459009,42623.0,0.00239537,sell
2024-01-01T11:46:04.667Z,BTC,USDT,KUCOIN,6460719526723585,42623.1,0.00010391,buy
2024-01-01T11:46:05.062Z,BTC,USDT,KUCOIN,6460719545204737,42623.1,0.00440351,buy
2024-01-01T11:46:07.919Z,BTC,USDT,KUCOIN,6460719781658625,42626.3,7.852e-05,buy
2024-01-01T11:46:12.916Z,BTC,USDT,KUCOIN,6460720235560961,42627.9,1.177e-05,sell
2024-01-01T11:46:14.236Z,BTC,USDT,KUCOIN,6460720311713793,42627.9,0.00028555,sell
2024-01-01T11:46:16.321Z,BTC,USDT,KUCOIN,6460720462839812,42628.0,0.00597193,buy
2024-01-01T11:46:16.321Z,BTC,USDT,KUCOIN,6460720462839809,42628.0,0.00046917,buy
2024-01-01T11:46:16.401Z,BTC,USDT,KUCOIN,6460720472932353,42628.0,0.00234587,buy
2024-01-01T11:46:19.501Z,BTC,USDT,KUCOIN,6460720764698625,42627.9,0.00085049,sell
2024-01-01T11:46:19.761Z,BTC,USDT,KUCOIN,6460720785801217,42628.0,0.00274226,buy
2024-01-01T11:46:19.888Z,BTC,USDT,KUCOIN,6460720789995521,42628.0,0.00291219,buy
2024-01-01T11:46:24.335Z,BTC,USDT,KUCOIN,6460721076387841,42628.0,9.375e-05,buy
2024-01-01T11:46:26.567Z,BTC,USDT,KUCOIN,6460721188716545,42627.9,0.00200952,sell
2024-01-01T11:46:28.718Z,BTC,USDT,KUCOIN,6460721429495809,42627.9,0.00106961,sell
2024-01-01T11:46:32.089Z,BTC,USDT,KUCOIN,6460721651138561,42628.0,6.283e-05,buy
2024-01-01T11:46:35.093Z,BTC,USDT,KUCOIN,6460721808949249,42627.9,0.00246434,sell
2024-01-01T11:46:40.697Z,BTC,USDT,KUCOIN,6460722172936193,42627.9,0.00160369,sell
2024-01-01T11:46:45.837Z,BTC,USDT,KUCOIN,6460722480168961,42628.0,0.00048176,buy
2024-01-01T11:46:46.695Z,BTC,USDT,KUCOIN,6460722530500609,42627.9,0.00117491,sell
2024-01-01T11:46:48.643Z,BTC,USDT,KUCOIN,6460722680840193,42628.0,0.00034028,buy
2024-01-01T11:46:51.933Z,BTC,USDT,KUCOIN,6460722912313345,42628.0,0.00194539,buy
2024-01-01T11:46:52.885Z,BTC,USDT,KUCOIN,6460722976276481,42628.0,0.17578482,buy
2024-01-01T11:47:07.572Z,BTC,USDT,KUCOIN,6460723960102913,42628.6,0.00029284,sell
2024-01-01T11:47:09.041Z,BTC,USDT,KUCOIN,6460724064567297,42628.7,2e-08,buy
2024-01-01T11:47:09.041Z,BTC,USDT,KUCOIN,6460724064567300,42628.7,0.0002666,buy
2024-01-01T11:47:11.329Z,BTC,USDT,KUCOIN,6460724226572289,42628.6,0.00427925,sell
2024-01-01T11:47:15.761Z,BTC,USDT,KUCOIN,6460724493434881,42628.6,9.386e-05,sell
2024-01-01T11:47:16.300Z,BTC,USDT,KUCOIN,6460724566310913,42628.7,0.00499656,buy
2024-01-01T11:47:16.541Z,BTC,USDT,KUCOIN,6460724597374977,42628.7,0.00211353,buy
2024-01-01T11:47:26.685Z,BTC,USDT,KUCOIN,6460725264138241,42628.7,2.03e-05,buy
2024-01-01T11:47:29.391Z,BTC,USDT,KUCOIN,6460725446197249,42628.6,0.00023076,sell
2024-01-01T11:47:29.453Z,BTC,USDT,KUCOIN,6460725451046913,42628.6,0.00092765,sell
2024-01-01T11:47:31.667Z,BTC,USDT,KUCOIN,6460725562720257,42628.6,0.00122091,sell
2024-01-01T11:47:31.731Z,BTC,USDT,KUCOIN,6460725565210625,42628.6,0.00122178,sell
2024-01-01T11:47:31.799Z,BTC,USDT,KUCOIN,6460725574254593,42628.6,0.00122198,sell
2024-01-01T11:47:31.860Z,BTC,USDT,KUCOIN,6460725576351745,42628.6,0.00122199,sell
2024-01-01T11:47:31.928Z,BTC,USDT,KUCOIN,6460725579497473,42628.6,0.00122222,sell
2024-01-01T11:47:32.029Z,BTC,USDT,KUCOIN,6460725581463553,42628.6,0.00122167,sell
2024-01-01T11:47:32.106Z,BTC,USDT,KUCOIN,6460725585264641,42628.6,0.00122178,sell
2024-01-01T11:47:42.805Z,BTC,USDT,KUCOIN,6460726190161921,42628.8,1.903e-05,buy
2024-01-01T11:47:42.833Z,BTC,USDT,KUCOIN,6460726191341569,42628.8,3.682e-05,buy
2024-01-01T11:47:42.886Z,BTC,USDT,KUCOIN,6460726193700865,42628.8,3.682e-05,buy
2024-01-01T11:47:42.890Z,BTC,USDT,KUCOIN,6460726193831937,42628.8,3.682e-05,buy
2024-01-01T11:47:42.915Z,BTC,USDT,KUCOIN,6460726194356225,42628.8,3.682e-05,buy
2024-01-01T11:47:42.943Z,BTC,USDT,KUCOIN,6460726195142657,42628.8,3.682e-05,buy
2024-01-01T11:47:42.967Z,BTC,USDT,KUCOIN,6460726195666945,42628.8,3.682e-05,buy
2024-01-01T11:47:43Z,BTC,USDT,KUCOIN,6460726196715521,42628.8,3.682e-05,buy
2024-01-01T11:47:43.018Z,BTC,USDT,KUCOIN,6460726197633025,42628.8,3.682e-05,buy
2024-01-01T11:47:43.051Z,BTC,USDT,KUCOIN,6460726198943745,42628.8,3.682e-05,buy
2024-01-01T11:47:43.417Z,BTC,USDT,KUCOIN,6460726218211329,42628.8,3.682e-05,buy
2024-01-01T11:47:43.916Z,BTC,USDT,KUCOIN,6460726248751105,42628.7,0.0066874,sell
2024-01-01T11:47:48.333Z,BTC,USDT,KUCOIN,6460726636724225,42628.8,0.00011719,buy
2024-01-01T11:47:48.664Z,BTC,USDT,KUCOIN,6460726659006465,42628.8,0.00153085,buy
2024-01-01T11:47:59.918Z,BTC,USDT,KUCOIN,6460727434821633,42628.7,0.00235758,sell
